@article{0ebeadddd4fd8d30011008145e1a2e3f28efa89a,
  title = {Jacobian Regularization for Mitigating Universal Adversarial Perturbations},
  author = {Co, Kenneth T. and Rego, David Mart{\'i}nez and Lupu, Emil C.},
  year = {2021},
  journal = {ArXiv},
  volume = {abs/2104.10459},
  doi = {10.1007/978-3-030-86380-7_17},
  arxivid = {2104.10459}
}

@article{0fdac4f87e9fd3f7d98f65f513a3f5aa4d794392,
  title = {Improving Local Effectiveness for Global Robust Training},
  author = {Lu, Jingyue and Kumar, M. P.},
  year = {2021},
  journal = {ArXiv},
  volume = {abs/2110.14030},
  arxivid = {2110.14030}
}

@article{18c03ca8bf432b83cd0d4148d3a171cde326c6f9,
  title = {Fighting Adversarial Images with Interpretable Gradients},
  author = {Du, Keke and Chang, Shane and Wen, Huixiang and Zhang, Hao},
  year = {2021},
  journal = {ACM Turing Award Celebration Conference - China ( ACM TURC 2021)},
  doi = {10.1145/3472634.3472644}
}

@misc{210303570Secondorder,
  title = {[2103.03570] {{Second-order}} Step-Size Tuning of {{SGD}} for Non-Convex Optimization},
  howpublished = {https://arxiv.org/abs/2103.03570}
}

@article{8add03796d5c4e345d17b9f487aabd730da9bb10,
  title = {Regression Approach to a Novel Lateral Flatness Leveling System for Smart Manufacturing},
  author = {Tsai, S. and Chang, J.},
  year = {2021},
  journal = {Applied Sciences},
  doi = {10.3390/app11146645}
}

@article{a33f8957a8a5f14011ab103187c28a6263d4a299,
  title = {Quantifying the Preferential Direction of the Model Gradient in Adversarial Training with Projected Gradient Descent},
  author = {Lanfredi, Ricardo Bigolin and Schroeder, J. and Tasdizen, T.},
  year = {2020},
  journal = {ArXiv},
  volume = {abs/2009.04709},
  arxivid = {2009.04709}
}

@article{a5344ca43451dd819a8b2b65eca4ad28e949b7f3,
  title = {Learning Smooth Neural Functions via Lipschitz Regularization},
  author = {Liu, Hsueh-Ti Derek and Williams, Francis and Jacobson, A. and Fidler, S. and Litany, O.},
  year = {2022},
  journal = {ArXiv},
  volume = {abs/2202.08345},
  arxivid = {2202.08345}
}

@misc{abadiTensorFlowLargescaleMachine2015,
  title = {{{TensorFlow}}: {{Large-scale}} Machine Learning on Heterogeneous Systems},
  author = {Abadi, Mart{\'i}n and Agarwal, Ashish and Barham, Paul and Brevdo, Eugene and Chen, Zhifeng and Citro, Craig and Corrado, Greg S. and Davis, Andy and Dean, Jeffrey and Devin, Matthieu and Ghemawat, Sanjay and Goodfellow, Ian and Harp, Andrew and Irving, Geoffrey and Isard, Michael and Jia, Yangqing and Jozefowicz, Rafal and Kaiser, Lukasz and Kudlur, Manjunath and Levenberg, Josh and Man{\'e}, Dandelion and Monga, Rajat and Moore, Sherry and Murray, Derek and Olah, Chris and Schuster, Mike and Shlens, Jonathon and Steiner, Benoit and Sutskever, Ilya and Talwar, Kunal and Tucker, Paul and Vanhoucke, Vincent and Vasudevan, Vijay and Vi{\'e}gas, Fernanda and Vinyals, Oriol and Warden, Pete and Wattenberg, Martin and Wicke, Martin and Yu, Yuan and Zheng, Xiaoqiang},
  year = {2015}
}

@article{abdelazizAdvancedMetaheuristicOptimization2021,
  title = {Advanced Metaheuristic Optimization Techniques in Applications of Deep Neural Networks: A Review},
  shorttitle = {Advanced Metaheuristic Optimization Techniques in Applications of Deep Neural Networks},
  author = {Abd Elaziz, Mohamed and Dahou, Abdelghani and Abualigah, Laith and Yu, Liyang and Alshinwan, Mohammad and Khasawneh, Ahmad M. and Lu, Songfeng},
  year = {2021},
  month = nov,
  journal = {Neural Computing and Applications},
  volume = {33},
  number = {21},
  pages = {14079--14099},
  issn = {1433-3058},
  doi = {10.1007/s00521-021-05960-5},
  langid = {english},
  keywords = {metaheuristics,review}
}

@misc{AIEfficiency2020,
  title = {{{AI}} and {{Efficiency}}},
  year = {2020},
  month = may,
  journal = {OpenAI},
  howpublished = {https://openai.com/blog/ai-and-efficiency/},
  langid = {english}
}

@article{akbariVATTTransformersMultimodal2021,
  title = {{{VATT}}: {{Transformers}} for {{Multimodal Self-Supervised Learning}} from {{Raw Video}}, {{Audio}} and {{Text}}},
  shorttitle = {{{VATT}}},
  author = {Akbari, Hassan and Yuan, Linagzhe and Qian, Rui and Chuang, Wei-Hong and Chang, Shih-Fu and Cui, Yin and Gong, Boqing},
  year = {2021},
  month = apr,
  journal = {arXiv:2104.11178 [cs, eess]},
  eprint = {2104.11178},
  eprinttype = {arxiv},
  primaryclass = {cs, eess},
  archiveprefix = {arXiv},
  keywords = {small networks}
}

@inproceedings{amjadRegressionDeepNeural2021,
  title = {Regression with {{Deep Neural Networks}}: {{Generalization Error Guarantees}}, {{Learning Algorithms}}, and {{Regularizers}}},
  shorttitle = {Regression with {{Deep Neural Networks}}},
  booktitle = {2021 29th {{European Signal Processing Conference}} ({{EUSIPCO}})},
  author = {Amjad, Jaweria and Lyu, Zhaoyan and Rodrigues, Miguel R.D.},
  year = {2021},
  month = aug,
  pages = {1481--1485},
  issn = {2076-1465},
  doi = {10.23919/EUSIPCO54536.2021.9616069},
  keywords = {Jacobian regularisation,Sobolev training}
}

@misc{amodeiAICompute2018,
  title = {{{AI}} and {{Compute}}},
  author = {Amodei, Dario and Hernandez, Danny},
  year = {2018},
  month = may,
  journal = {OpenAI},
  howpublished = {https://openai.com/blog/ai-and-compute/},
  langid = {english}
}

@article{anandkumarEfficientApproachesEscaping2016,
  title = {Efficient Approaches for Escaping Higher Order Saddle Points in Non-Convex Optimization},
  author = {Anandkumar, Anima and Ge, Rong},
  year = {2016},
  month = feb,
  journal = {arXiv:1602.05908 [cs, stat]},
  eprint = {1602.05908},
  eprinttype = {arxiv},
  primaryclass = {cs, stat},
  archiveprefix = {arXiv},
  keywords = {saddle points}
}

@inproceedings{aroraOptimizationDeepNetworks2018a,
  title = {On the {{Optimization}} of {{Deep Networks}}: {{Implicit Acceleration}} by {{Overparameterization}}},
  shorttitle = {On the {{Optimization}} of {{Deep Networks}}},
  booktitle = {Proceedings of the 35th {{International Conference}} on {{Machine Learning}}},
  author = {Arora, Sanjeev and Cohen, Nadav and Hazan, Elad},
  year = {2018},
  month = jul,
  pages = {244--253},
  publisher = {{PMLR}},
  issn = {2640-3498},
  langid = {english},
  keywords = {Overparametrization}
}

@article{avranasCodedResNeXtNetwork2022,
  title = {Coded {{ResNeXt}}: A Network for Designing Disentangled Information Paths},
  shorttitle = {Coded {{ResNeXt}}},
  author = {Avranas, Apostolos and Kountouris, Marios},
  year = {2022},
  month = feb,
  journal = {arXiv:2202.05343 [cs]},
  eprint = {2202.05343},
  eprinttype = {arxiv},
  primaryclass = {cs},
  archiveprefix = {arXiv},
  keywords = {landscape characterization,to read}
}

@article{avrutskiyEnhancingFunctionApproximation2021a,
  title = {Enhancing {{Function Approximation Abilities}} of {{Neural Networks}} by {{Training Derivatives}}},
  author = {Avrutskiy, V. I.},
  year = {2021},
  month = feb,
  journal = {IEEE Transactions on Neural Networks and Learning Systems},
  volume = {32},
  number = {2},
  pages = {916--924},
  issn = {2162-2388},
  doi = {10.1109/TNNLS.2020.2979706},
  keywords = {Jacobian regularisation,Sobolev training}
}

@inproceedings{baiDualLotteryTicket2022,
  title = {Dual {{Lottery Ticket Hypothesis}}},
  booktitle = {International {{Conference}} on {{Learning Representations}}},
  author = {Bai, Yue and Wang, Huan and Tao, Zhiqiang and Li, Kunpeng and Fu, Yun},
  year = {2022},
  month = mar,
  langid = {english},
  keywords = {LTH,mask training,population of networks,Pruning}
}

@article{baldassiShapingLearningLandscape2020,
  title = {Shaping the Learning Landscape in Neural Networks around Wide Flat Minima},
  author = {Baldassi, Carlo and Pittorino, Fabrizio and Zecchina, Riccardo},
  year = {2020},
  month = jan,
  journal = {Proceedings of the National Academy of Sciences},
  volume = {117},
  number = {1},
  pages = {161--170},
  publisher = {{National Academy of Sciences}},
  issn = {0027-8424, 1091-6490},
  doi = {10.1073/pnas.1908636117},
  chapter = {PNAS Plus},
  copyright = {Copyright \textcopyright{} 2020 the Author(s). Published by PNAS.. https://creativecommons.org/licenses/by-nc-nd/4.0/This open access article is distributed under Creative Commons Attribution-NonCommercial-NoDerivatives License 4.0 (CC BY-NC-ND).},
  langid = {english},
  pmid = {31871189}
}

@article{baldassiUnveilingStructureWide2021,
  title = {Unveiling the {{Structure}} of {{Wide Flat Minima}} in {{Neural Networks}}},
  author = {Baldassi, Carlo and Lauditi, Clarissa and Malatesta, Enrico M. and Perugini, Gabriele and Zecchina, Riccardo},
  year = {2021},
  month = dec,
  journal = {Physical Review Letters},
  volume = {127},
  number = {27},
  pages = {278301},
  publisher = {{American Physical Society}},
  doi = {10.1103/PhysRevLett.127.278301},
  keywords = {flat minima,flat optimizers,Loss Landscape,Weight space}
}

@article{balduzziShatteredGradientsProblem2018,
  title = {The {{Shattered Gradients Problem}}: {{If}} Resnets Are the Answer, Then What Is the Question?},
  shorttitle = {The {{Shattered Gradients Problem}}},
  author = {Balduzzi, David and Frean, Marcus and Leary, Lennox and Lewis, J. P. and Ma, Kurt Wan-Duo and McWilliams, Brian},
  year = {2018},
  month = jun,
  journal = {arXiv:1702.08591 [cs, stat]},
  eprint = {1702.08591},
  eprinttype = {arxiv},
  primaryclass = {cs, stat},
  archiveprefix = {arXiv},
  keywords = {Why no global second order}
}

@inproceedings{baninoPonderNetLearningPonder2021,
  title = {{{PonderNet}}: {{Learning}} to {{Ponder}}},
  shorttitle = {{{PonderNet}}},
  booktitle = {8th {{ICML Workshop}} on {{Automated Machine Learning}} ({{AutoML}})},
  author = {Banino, Andrea and Balaguer, Jan and Blundell, Charles},
  year = {2021},
  month = may,
  langid = {english},
  keywords = {small networks}
}

@article{bassilyExponentialConvergenceSGD2018,
  title = {On Exponential Convergence of {{SGD}} in Non-Convex over-Parametrized Learning},
  author = {Bassily, Raef and Belkin, Mikhail and Ma, Siyuan},
  year = {2018},
  month = nov,
  journal = {arXiv:1811.02564 [cs, math, stat]},
  eprint = {1811.02564},
  eprinttype = {arxiv},
  primaryclass = {cs, math, stat},
  archiveprefix = {arXiv},
  keywords = {Firs_order_Methods}
}

@article{bc9b3a04b0275f2cc28a5a432771cbd93850c496,
  title = {Likelihood Landscapes: {{A}} Unifying Principle behind Many Adversarial Defenses},
  author = {Lin, Fu-Huei and Mittapalli, Rohit and Chattopadhyay, Prithvijit and Bolya, Daniel and Hoffman, Judy},
  year = {2020},
  doi = {10.1007/978-3-030-66415-2_3},
  arxivid = {2008.11300}
}

@inproceedings{beerWhySpikingNeural2020,
  title = {Why {{Spiking Neural Networks Are~Efficient}}: {{A Theorem}}},
  shorttitle = {Why {{Spiking Neural Networks Are~Efficient}}},
  booktitle = {Information {{Processing}} and {{Management}} of {{Uncertainty}} in {{Knowledge-Based Systems}}},
  author = {Beer, Michael and Urenda, Julio and Kosheleva, Olga and Kreinovich, Vladik},
  editor = {Lesot, Marie-Jeanne and Vieira, Susana and Reformat, Marek Z. and Carvalho, Jo{\~a}o Paulo and Wilbik, Anna and {Bouchon-Meunier}, Bernadette and Yager, Ronald R.},
  year = {2020},
  series = {Communications in {{Computer}} and {{Information Science}}},
  pages = {59--69},
  publisher = {{Springer International Publishing}},
  address = {{Cham}},
  doi = {10.1007/978-3-030-50146-4_5},
  isbn = {978-3-030-50146-4},
  langid = {english}
}

@inproceedings{bellecDeepRewiringTraining2018,
  title = {Deep {{Rewiring}}: {{Training}} Very Sparse Deep Networks},
  booktitle = {International Conference on Learning Representations},
  author = {Bellec, Guillaume and Kappel, David and Maass, Wolfgang and Legenstein, Robert},
  year = {2018},
  keywords = {dynamical sparse training}
}

@inproceedings{bengioExpressivePowerDeep2011,
  title = {On the {{Expressive Power}} of {{Deep Architectures}}},
  booktitle = {Algorithmic {{Learning Theory}}},
  author = {Bengio, Yoshua and Delalleau, Olivier},
  editor = {Kivinen, Jyrki and Szepesv{\'a}ri, Csaba and Ukkonen, Esko and Zeugmann, Thomas},
  year = {2011},
  series = {Lecture {{Notes}} in {{Computer Science}}},
  pages = {18--36},
  publisher = {{Springer}},
  address = {{Berlin, Heidelberg}},
  doi = {10.1007/978-3-642-24412-4_3},
  isbn = {978-3-642-24412-4},
  langid = {english},
  keywords = {NN as universal approximators}
}

@inproceedings{bengioGreedyLayerWiseTraining2007,
  title = {Greedy {{Layer-Wise Training}} of {{Deep Networks}}},
  booktitle = {Advances in {{Neural Information Processing Systems}}},
  author = {Bengio, Yoshua and Lamblin, Pascal and Popovici, Dan and Larochelle, Hugo},
  year = {2007},
  volume = {19},
  publisher = {{MIT Press}},
  keywords = {examples}
}

@article{bengioMachineLearningCombinatorial2021,
  title = {Machine Learning for Combinatorial Optimization: {{A}} Methodological Tour d'horizon},
  shorttitle = {Machine Learning for Combinatorial Optimization},
  author = {Bengio, Yoshua and Lodi, Andrea and Prouvost, Antoine},
  year = {2021},
  month = apr,
  journal = {European Journal of Operational Research},
  volume = {290},
  number = {2},
  pages = {405--421},
  issn = {0377-2217},
  doi = {10.1016/j.ejor.2020.07.063},
  langid = {english}
}

@article{beyerEvolutionStrategiesComprehensive2002,
  title = {Evolution Strategies\textendash a Comprehensive Introduction},
  author = {Beyer, Hans-Georg and Schwefel, Hans-Paul},
  year = {2002},
  journal = {Natural computing},
  volume = {1},
  number = {1},
  pages = {3--52},
  publisher = {{Springer}}
}

@article{blalockWhatStateNeural2020a,
  title = {What Is the {{State}} of {{Neural Network Pruning}}?},
  author = {Blalock, Davis and Ortiz, Jose Javier Gonzalez and Frankle, Jonathan and Guttag, John},
  year = {2020},
  month = mar,
  journal = {arXiv:2003.03033 [cs, stat]},
  eprint = {2003.03033},
  eprinttype = {arxiv},
  primaryclass = {cs, stat},
  archiveprefix = {arXiv},
  keywords = {Pruning,small networks}
}

@inproceedings{blumTraining3nodeNeural1988,
  title = {Training a 3-Node Neural Network Is {{NP-complete}}},
  booktitle = {Proceedings of the 1st {{International Conference}} on {{Neural Information Processing Systems}}},
  author = {Blum, Avrim and Rivest, Ronald L},
  year = {1988},
  pages = {494--501}
}

@incollection{bottouLargescaleMachineLearning2010,
  title = {Large-Scale Machine Learning with Stochastic Gradient Descent},
  booktitle = {Proceedings of {{COMPSTAT}}'2010},
  author = {Bottou, L{\'e}on},
  year = {2010},
  pages = {177--186},
  publisher = {{Springer}}
}

@article{bottouOptimizationMethodsLargeScale2018,
  title = {Optimization {{Methods}} for {{Large-Scale Machine Learning}}},
  author = {Bottou, L{\'e}on and Curtis, Frank E. and Nocedal, Jorge},
  year = {2018},
  month = feb,
  journal = {arXiv:1606.04838 [cs, math, stat]},
  eprint = {1606.04838},
  eprinttype = {arxiv},
  primaryclass = {cs, math, stat},
  archiveprefix = {arXiv}
}

@article{bousquetTradeoffsLargeScale,
  title = {The {{Tradeoffs}} of {{Large Scale Learning}}},
  author = {Bousquet, Olivier and Bottou, L{\'e}on},
  pages = {8},
  langid = {english}
}

@article{breuelEffectsHyperparametersSGD2015,
  title = {The {{Effects}} of {{Hyperparameters}} on {{SGD Training}} of {{Neural Networks}}},
  author = {Breuel, Thomas M.},
  year = {2015},
  month = aug,
  journal = {arXiv:1508.02788 [cs]},
  eprint = {1508.02788},
  eprinttype = {arxiv},
  primaryclass = {cs},
  archiveprefix = {arXiv}
}

@article{brownLanguageModelsAre2020,
  title = {Language {{Models}} Are {{Few-Shot Learners}}},
  author = {Brown, Tom B. and Mann, Benjamin and Ryder, Nick and Subbiah, Melanie and Kaplan, Jared and Dhariwal, Prafulla and Neelakantan, Arvind and Shyam, Pranav and Sastry, Girish and Askell, Amanda and Agarwal, Sandhini and {Herbert-Voss}, Ariel and Krueger, Gretchen and Henighan, Tom and Child, Rewon and Ramesh, Aditya and Ziegler, Daniel M. and Wu, Jeffrey and Winter, Clemens and Hesse, Christopher and Chen, Mark and Sigler, Eric and Litwin, Mateusz and Gray, Scott and Chess, Benjamin and Clark, Jack and Berner, Christopher and McCandlish, Sam and Radford, Alec and Sutskever, Ilya and Amodei, Dario},
  year = {2020},
  month = jul,
  journal = {arXiv:2005.14165 [cs]},
  eprint = {2005.14165},
  eprinttype = {arxiv},
  primaryclass = {cs},
  archiveprefix = {arXiv},
  keywords = {examples}
}

@article{brutzkusSGDLearnsOverparameterized2017,
  title = {{{SGD Learns Over-parameterized Networks}} That {{Provably Generalize}} on {{Linearly Separable Data}}},
  author = {Brutzkus, Alon and Globerson, Amir and Malach, Eran and {Shalev-Shwartz}, Shai},
  year = {2017},
  month = oct,
  journal = {arXiv:1710.10174 [cs]},
  eprint = {1710.10174},
  eprinttype = {arxiv},
  primaryclass = {cs},
  archiveprefix = {arXiv}
}

@article{burovDistributionDirectionalChange2013,
  title = {Distribution of Directional Change as a Signature of Complex Dynamics},
  author = {Burov, Stanislav and Tabei, S. M. Ali and Huynh, Toan and Murrell, Michael P. and Philipson, Louis H. and Rice, Stuart A. and Gardel, Margaret L. and Scherer, Norbert F. and Dinner, Aaron R.},
  year = {2013},
  month = dec,
  journal = {Proceedings of the National Academy of Sciences},
  volume = {110},
  number = {49},
  pages = {19689--19694},
  publisher = {{Proceedings of the National Academy of Sciences}},
  doi = {10.1073/pnas.1319473110},
  keywords = {angle measurement,to read}
}

@article{c7e02b23e403e28570f6f61dbeaa6c5abb6744d5,
  title = {Optimal Market-{{Making}} Strategies under Synchronised Order Arrivals with Deep Neural Networks},
  author = {Choi, So Eun and Jang, Hyun Jin and Lee, Kyungsub and Zheng, Harry},
  year = {2021},
  journal = {Journal of Economic Dynamics and Control},
  volume = {125},
  pages = {104098},
  doi = {10.1016/J.JEDC.2021.104098}
}

@article{c8ed74816c58a32dd87d809acac9388378104e32,
  title = {On the Human-Recognizability Phenomenon of Adversarially Trained Deep Image Classifiers},
  author = {Helland, Jonathan W. and VanHoudnos, Nathan M.},
  year = {2020},
  journal = {ArXiv},
  volume = {abs/2101.05219},
  arxivid = {2101.05219}
}

@article{caiNSGAIILocalSearch2018,
  title = {{{NSGAII With Local Search Based Heavy Perturbation}} for {{Bi-Objective Weighted Clique Problem}}},
  author = {Cai, Dunbo and Gao, Yuhui and Yin, Minghao},
  year = {2018},
  journal = {IEEE Access},
  volume = {6},
  pages = {51253--51261},
  issn = {2169-3536},
  doi = {10.1109/ACCESS.2018.2869732},
  keywords = {clique problem,graphs,Multi-objective}
}

@inproceedings{carreira-perpinanLearningCompressionAlgorithmsNeural2018,
  title = {"{{Learning-Compression}}" {{Algorithms}} for {{Neural Net Pruning}}},
  booktitle = {2018 {{IEEE}}/{{CVF Conference}} on {{Computer Vision}} and {{Pattern Recognition}}},
  author = {{Carreira-Perpinan}, Miguel A. and Idelbayev, Yerlan},
  year = {2018},
  month = jun,
  pages = {8532--8541},
  issn = {2575-7075},
  doi = {10.1109/CVPR.2018.00890},
  keywords = {Pruning}
}

@article{cartisAdaptiveCubicRegularisation2011,
  title = {Adaptive Cubic Regularisation Methods for Unconstrained Optimization. {{Part I}}: Motivation, Convergence and Numerical Results},
  shorttitle = {Adaptive Cubic Regularisation Methods for Unconstrained Optimization. {{Part I}}},
  author = {Cartis, Coralia and Gould, Nicholas I. M. and Toint, Philippe L.},
  year = {2011},
  month = apr,
  journal = {Mathematical Programming},
  volume = {127},
  number = {2},
  pages = {245--295},
  issn = {1436-4646},
  doi = {10.1007/s10107-009-0286-5},
  langid = {english},
  keywords = {examples}
}

@article{casteraSecondorderStepsizeTuning2021,
  title = {Second-Order Step-Size Tuning of {{SGD}} for Non-Convex Optimization},
  author = {Castera, Camille and Bolte, J{\'e}r{\^o}me and F{\'e}votte, C{\'e}dric and Pauwels, Edouard},
  year = {2021},
  month = nov,
  journal = {arXiv:2103.03570 [cs, math]},
  eprint = {2103.03570},
  eprinttype = {arxiv},
  primaryclass = {cs, math},
  archiveprefix = {arXiv}
}

@article{casteraSecondorderStepsizeTuning2021a,
  title = {Second-Order Step-Size Tuning of {{SGD}} for Non-Convex Optimization},
  author = {Castera, Camille and Bolte, J{\'e}r{\^o}me and F{\'e}votte, C{\'e}dric and Pauwels, Edouard},
  year = {2021},
  month = nov,
  journal = {arXiv:2103.03570 [cs, math]},
  eprint = {2103.03570},
  eprinttype = {arxiv},
  primaryclass = {cs, math},
  archiveprefix = {arXiv},
  keywords = {to read}
}

@article{chanMeasuringReliabilityReinforcement2020,
  title = {Measuring the {{Reliability}} of {{Reinforcement Learning Algorithms}}},
  author = {Chan, Stephanie C. Y. and Fishman, Samuel and Canny, John and Korattikara, Anoop and Guadarrama, Sergio},
  year = {2020},
  month = feb,
  journal = {arXiv:1912.05663 [cs, stat]},
  eprint = {1912.05663},
  eprinttype = {arxiv},
  primaryclass = {cs, stat},
  archiveprefix = {arXiv},
  keywords = {Reliability of Reinforcement Learning}
}

@inproceedings{chaoDirectionalPruningDeep2020,
  title = {Directional {{Pruning}} of {{Deep Neural Networks}}},
  booktitle = {Advances in {{Neural Information Processing Systems}}},
  author = {Chao, Shih-Kang and Wang, Zhanyu and Xing, Yue and Cheng, Guang},
  year = {2020},
  volume = {33},
  pages = {13986--13998},
  publisher = {{Curran Associates, Inc.}},
  keywords = {Pruning}
}

@inproceedings{chaudhariEntropysgdBiasingGradient2017,
  title = {Entropy-Sgd: {{Biasing}} Gradient Descent into Wide Valleys},
  booktitle = {5th International Conference on Learning Representations, {{ICLR}} 2017, Toulon, France, April 24-26, 2017, Conference Track Proceedings},
  author = {Chaudhari, Pratik and Choromanska, Anna and Soatto, Stefano and LeCun, Yann and Baldassi, Carlo and Borgs, Christian and Chayes, Jennifer T. and Sagun, Levent and Zecchina, Riccardo},
  year = {2017},
  publisher = {{OpenReview.net}},
  bibsource = {dblp computer science bibliography, https://dblp.org},
  biburl = {https://dblp.org/rec/conf/iclr/ChaudhariCSLBBC17.bib},
  keywords = {flat optimizers},
  timestamp = {Thu, 25 Jul 2019 14:26:02 +0200}
}

@inproceedings{chauvinBackPropagationAlgorithmOptimal1988,
  title = {A {{Back-Propagation Algorithm}} with {{Optimal Use}} of {{Hidden Units}}},
  booktitle = {Advances in {{Neural Information Processing Systems}}},
  author = {Chauvin, Yves},
  year = {1988},
  volume = {1},
  publisher = {{Morgan-Kaufmann}},
  keywords = {Pruning,Regularisation}
}

@misc{chengAdaptiveFactorizationNetwork2020,
  title = {Adaptive {{Factorization Network}}: {{Learning Adaptive-Order Feature Interactions}}},
  shorttitle = {Adaptive {{Factorization Network}}},
  author = {Cheng, Weiyu and Shen, Yanyan and Huang, Linpeng},
  year = {2020},
  month = jun,
  number = {arXiv:1909.03276},
  eprint = {1909.03276},
  eprinttype = {arxiv},
  primaryclass = {cs, stat},
  publisher = {{arXiv}},
  doi = {10.48550/arXiv.1909.03276},
  archiveprefix = {arXiv},
  keywords = {feature interaction}
}

@misc{chengWideDeepLearning2016,
  title = {Wide \& {{Deep Learning}} for {{Recommender Systems}}},
  author = {Cheng, Heng-Tze and Koc, Levent and Harmsen, Jeremiah and Shaked, Tal and Chandra, Tushar and Aradhye, Hrishi and Anderson, Glen and Corrado, Greg and Chai, Wei and Ispir, Mustafa and Anil, Rohan and Haque, Zakaria and Hong, Lichan and Jain, Vihan and Liu, Xiaobing and Shah, Hemal},
  year = {2016},
  month = jun,
  number = {arXiv:1606.07792},
  eprint = {1606.07792},
  eprinttype = {arxiv},
  primaryclass = {cs, stat},
  institution = {{arXiv}},
  doi = {10.48550/arXiv.1606.07792},
  archiveprefix = {arXiv},
  keywords = {click through prediction,feature interaction}
}

@article{chenNovelMethodFinancial2022,
  title = {A Novel Method for Financial Distress Prediction Based on Sparse Neural Networks with \$\${{L}}\_\{1/2\}\$\$regularization},
  author = {Chen, Ying and Guo, Jifeng and Huang, Junqin and Lin, Bin},
  year = {2022},
  month = jul,
  journal = {International Journal of Machine Learning and Cybernetics},
  volume = {13},
  number = {7},
  pages = {2089--2103},
  issn = {1868-808X},
  doi = {10.1007/s13042-022-01566-y},
  langid = {english},
  keywords = {Application,finance,L1-L2 regularization,Sparse neural networks}
}

@inproceedings{chenOnlyTrainOnce2021,
  title = {Only {{Train Once}}: {{A One-Shot Neural Network Training And Pruning Framework}}},
  shorttitle = {Only {{Train Once}}},
  booktitle = {Advances in {{Neural Information Processing Systems}}},
  author = {Chen, Tianyi and Ji, Bo and Ding, Tianyu and Fang, Biyi and Wang, Guanyi and Zhu, Zhihui and Liang, Luming and Shi, Yixin and Yi, Sheng and Tu, Xiao},
  year = {2021},
  volume = {34},
  pages = {19637--19651},
  publisher = {{Curran Associates, Inc.}},
  keywords = {grouping,Pruning}
}

@article{chenWhenVisionTransformers2021,
  title = {When {{Vision Transformers Outperform ResNets}} without {{Pretraining}} or {{Strong Data Augmentations}}},
  author = {Chen, Xiangning and Hsieh, Cho-Jui and Gong, Boqing},
  year = {2021},
  month = jun,
  journal = {arXiv:2106.01548 [cs]},
  eprint = {2106.01548},
  eprinttype = {arxiv},
  primaryclass = {cs},
  archiveprefix = {arXiv},
  keywords = {SAM,small networks}
}

@article{choromanskaLossSurfacesMultilayer2015,
  title = {The {{Loss Surfaces}} of {{Multilayer Networks}}},
  author = {Choromanska, Anna and Henaff, Mikael and Mathieu, Michael and Arous, G{\'e}rard Ben and LeCun, Yann},
  year = {2015},
  month = jan,
  journal = {arXiv:1412.0233 [cs]},
  eprint = {1412.0233},
  eprinttype = {arxiv},
  primaryclass = {cs},
  archiveprefix = {arXiv},
  keywords = {Loss Landscape}
}

@inproceedings{choromanskaLossSurfacesMultilayer2015a,
  title = {{The loss surfaces of multilayer networks}},
  booktitle = {{Journal of Machine Learning Research}},
  author = {Choromanska, Anna and Henaff, Mikael and Mathieu, Michael and Arous, G{\'e}rard Ben and LeCun, Yann},
  year = {2015},
  volume = {38},
  pages = {192--204},
  publisher = {{Microtome Publishing}},
  issn = {1532-4435},
  langid = {English (US)},
  keywords = {Loss Landscape}
}

@inproceedings{citeNeedCitation200007,
  title = {The Need of Citation},
  booktitle = {Adv. {{Conc}}. for {{Intell}}. {{Vis}}. {{Sys}}.: 9th {{Intl}}. {{Conf}}.},
  author = {Cite, Need},
  year = {200007},
  pages = {122--10000000}
}

@inproceedings{contiImprovingExplorationEvolution2018,
  title = {Improving {{Exploration}} in {{Evolution Strategies}} for {{Deep Reinforcement Learning}} via a {{Population}} of {{Novelty-Seeking Agents}}},
  booktitle = {Advances in {{Neural Information Processing Systems}}},
  author = {Conti, Edoardo and Madhavan, Vashisht and Petroski Such, Felipe and Lehman, Joel and Stanley, Kenneth and Clune, Jeff},
  year = {2018},
  volume = {31},
  publisher = {{Curran Associates, Inc.}},
  keywords = {novelty seeking}
}

@misc{curciTrulySparseNeural2022,
  title = {Truly {{Sparse Neural Networks}} at {{Scale}}},
  author = {Curci, Selima and Mocanu, Decebal Constantin and Pechenizkiyi, Mykola},
  year = {2022},
  month = jul,
  number = {arXiv:2102.01732},
  eprint = {2102.01732},
  eprinttype = {arxiv},
  primaryclass = {cs},
  publisher = {{arXiv}},
  doi = {10.48550/arXiv.2102.01732},
  archiveprefix = {arXiv},
  keywords = {Pruning}
}

@article{cybenkoApproximationSuperpositionsSigmoidal1989,
  title = {Approximation by Superpositions of a Sigmoidal Function},
  author = {Cybenko, G.},
  year = {1989},
  month = dec,
  journal = {Mathematics of Control, Signals and Systems},
  volume = {2},
  number = {4},
  pages = {303--314},
  issn = {1435-568X},
  doi = {10.1007/BF02551274},
  langid = {english},
  keywords = {NN as universal approximators}
}

@article{czarneckiSobolevTrainingNeural2017,
  title = {Sobolev Training for Neural Networks},
  author = {Czarnecki, Wojciech M and Osindero, Simon and Jaderberg, Max and Swirszcz, Grzegorz and Pascanu, Razvan},
  year = {2017},
  journal = {Advances in Neural Information Processing Systems},
  volume = {30},
  keywords = {Jacobian regularisation,Sobolev training}
}

@article{daiCoAtNetMarryingConvolution2021,
  title = {{{CoAtNet}}: {{Marrying}} Convolution and Attention for All Data Sizes},
  author = {Dai, Zihang and Liu, Hanxiao and Le, Quoc V and Tan, Mingxing},
  year = {2021},
  journal = {arXiv preprint arXiv:2106.04803},
  eprint = {2106.04803},
  eprinttype = {arxiv},
  archiveprefix = {arXiv}
}

@misc{daiDiscriminativeEmbeddingsLatent2020,
  title = {Discriminative {{Embeddings}} of {{Latent Variable Models}} for {{Structured Data}}},
  author = {Dai, Hanjun and Dai, Bo and Song, Le},
  year = {2020},
  month = jan,
  number = {arXiv:1603.05629},
  eprint = {1603.05629},
  eprinttype = {arxiv},
  primaryclass = {cs},
  publisher = {{arXiv}},
  doi = {10.48550/arXiv.1603.05629},
  archiveprefix = {arXiv},
  keywords = {struc2vec}
}

@article{dauphinIdentifyingAttackingSaddle2014,
  title = {Identifying and Attacking the Saddle Point Problem in High-Dimensional Non-Convex Optimization},
  author = {Dauphin, Yann N. and Pascanu, Razvan and Gulcehre, Caglar and Cho, Kyunghyun and Ganguli, Surya and Bengio, Yoshua},
  year = {2014},
  journal = {Advances in Neural Information Processing Systems},
  volume = {27},
  langid = {english}
}

@misc{DeepEnsemblesLoss,
  title = {Deep {{Ensembles}}: {{A Loss Landscape Perspective}} - {{Buscar}} Con {{Google}}},
  howpublished = {https://www.google.com/search?q=Deep+Ensembles\%3A+A+Loss+Landscape+Perspective\&rlz=1C1CHBF\_esCO862CO862\&oq=Deep+Ensembles\%3A+A+Loss+Landscape+Perspective\&aqs=chrome..69i57j69i64.709j0j7\&sourceid=chrome\&ie=UTF-8}
}

@misc{DeepLearningDiminishing2021,
  title = {Deep {{Learning}}'s {{Diminishing Returns}}},
  year = {2021},
  month = sep,
  journal = {IEEE Spectrum},
  chapter = {Artificial Intelligence},
  howpublished = {https://spectrum.ieee.org/deep-learning-computational-cost},
  langid = {english}
}

@inproceedings{dengImageNetLargescaleHierarchical2009,
  title = {{{ImageNet}}: {{A}} Large-Scale Hierarchical Image Database},
  shorttitle = {{{ImageNet}}},
  booktitle = {2009 {{IEEE Conference}} on {{Computer Vision}} and {{Pattern Recognition}}},
  author = {Deng, Jia and Dong, Wei and Socher, Richard and Li, Li-Jia and Li, Kai and {Fei-Fei}, Li},
  year = {2009},
  month = jun,
  pages = {248--255},
  issn = {1063-6919},
  doi = {10.1109/CVPR.2009.5206848},
  keywords = {Datasets,Image Recognition}
}

@article{dettmersSparseNetworksScratch2019,
  title = {Sparse {{Networks}} from {{Scratch}}: {{Faster Training}} without {{Losing Performance}}},
  shorttitle = {Sparse {{Networks}} from {{Scratch}}},
  author = {Dettmers, Tim and Zettlemoyer, Luke},
  year = {2019},
  month = aug,
  journal = {arXiv:1907.04840 [cs, stat]},
  eprint = {1907.04840},
  eprinttype = {arxiv},
  primaryclass = {cs, stat},
  archiveprefix = {arXiv},
  keywords = {dynamical sparse training}
}

@inproceedings{devlinBERTPretrainingDeep2019,
  title = {{{BERT}}: {{Pre-training}} of {{Deep Bidirectional Transformers}} for {{Language Understanding}}},
  shorttitle = {{{BERT}}},
  booktitle = {Proceedings of the 2019 {{Conference}} of the {{North American Chapter}} of the {{Association}} for {{Computational Linguistics}}: {{Human Language Technologies}}, {{Volume}} 1 ({{Long}} and {{Short Papers}})},
  author = {Devlin, Jacob and Chang, Ming-Wei and Lee, Kenton and Toutanova, Kristina},
  year = {2019},
  month = jun,
  pages = {4171--4186},
  publisher = {{Association for Computational Linguistics}},
  address = {{Minneapolis, Minnesota}},
  doi = {10.18653/v1/N19-1423},
  keywords = {examples}
}

@article{dingEvolutionaryArtificialNeural2013,
  title = {Evolutionary Artificial Neural Networks: A Review},
  shorttitle = {Evolutionary Artificial Neural Networks},
  author = {Ding, Shifei and Li, Hui and Su, Chunyang and Yu, Junzhao and Jin, Fengxiang},
  year = {2013},
  month = mar,
  journal = {Artificial Intelligence Review},
  volume = {39},
  number = {3},
  pages = {251--260},
  issn = {1573-7462},
  doi = {10.1007/s10462-011-9270-6},
  langid = {english},
  keywords = {EvolutionaryMethods,NNoptimization}
}

@inproceedings{dingModelChannelPruning2021,
  title = {Model {{Channel Pruning Method Based}} on {{Squeeze-and-Excitation Mechanism}} and {{Upper Quartile Truncation}}},
  booktitle = {2021 {{International Symposium}} on {{Computer Science}} and {{Intelligent Controls}} ({{ISCSIC}})},
  author = {Ding, Zening and Zhao, Jianyu and Sun, Jiaqi},
  year = {2021},
  month = nov,
  pages = {114--118},
  doi = {10.1109/ISCSIC54682.2021.00031},
  keywords = {feature interaction,Pruning}
}

@misc{dingSpuriousLocalMinima,
  title = {Spurious {{Local Minima Exist}} for {{Almost All Over-parameterized Neural Networks}} \textendash{} {{Optimization Online}}},
  author = {Ding, Tian and Sun, Ruoyu and Li, Dawei},
  langid = {american}
}

@misc{dingSubOptimalLocalMinima2020,
  title = {Sub-{{Optimal Local Minima Exist}} for {{Neural Networks}} with {{Almost All Non-Linear Activations}}},
  author = {Ding, Tian and Li, Dawei and Sun, Ruoyu},
  year = {2020},
  month = nov,
  number = {arXiv:1911.01413},
  eprint = {1911.01413},
  eprinttype = {arxiv},
  primaryclass = {cs, math, stat},
  publisher = {{arXiv}},
  doi = {10.48550/arXiv.1911.01413},
  archiveprefix = {arXiv},
  keywords = {Why no global second order}
}

@article{dodgeShowYourWork2019,
  title = {Show {{Your Work}}: {{Improved Reporting}} of {{Experimental Results}}},
  shorttitle = {Show {{Your Work}}},
  author = {Dodge, Jesse and Gururangan, Suchin and Card, Dallas and Schwartz, Roy and Smith, Noah A.},
  year = {2019},
  month = sep,
  journal = {arXiv:1909.03004 [cs, stat]},
  eprint = {1909.03004},
  eprinttype = {arxiv},
  primaryclass = {cs, stat},
  archiveprefix = {arXiv},
  keywords = {reporting results,to read}
}

@inproceedings{dosovitskiyImageWorth16x162022,
  title = {An {{Image}} Is {{Worth}} 16x16 {{Words}}: {{Transformers}} for {{Image Recognition}} at {{Scale}}},
  shorttitle = {An {{Image}} Is {{Worth}} 16x16 {{Words}}},
  booktitle = {International {{Conference}} on {{Learning Representations}}},
  author = {Dosovitskiy, Alexey and Beyer, Lucas and Kolesnikov, Alexander and Weissenborn, Dirk and Zhai, Xiaohua and Unterthiner, Thomas and Dehghani, Mostafa and Minderer, Matthias and Heigold, Georg and Gelly, Sylvain and Uszkoreit, Jakob and Houlsby, Neil},
  year = {2022},
  month = mar,
  langid = {english},
  keywords = {image recognition,Transformers,Visual Transformers}
}

@article{drozdzalImportanceSkipConnections2016,
  title = {The {{Importance}} of {{Skip Connections}} in {{Biomedical Image Segmentation}}},
  author = {Drozdzal, Michal and Vorontsov, Eugene and Chartrand, Gabriel and Kadoury, Samuel and Pal, Chris},
  year = {2016},
  month = sep,
  journal = {arXiv:1608.04117 [cs]},
  eprint = {1608.04117},
  eprinttype = {arxiv},
  primaryclass = {cs},
  archiveprefix = {arXiv},
  keywords = {skip connections}
}

@article{druckerDoubleBackpropagationIncreasing1992,
  title = {Double Backpropagation Increasing Generalization Performance: {{International Joint Conference}} on {{Neural Networks}} - {{IJCNN-91-Seattle}}},
  shorttitle = {Double Backpropagation Increasing Generalization Performance},
  author = {Drucker, Harris and Le Cun, Yann},
  editor = {Anon, null},
  year = {1992},
  journal = {Proceedings. IJCNN - International Joint Conference on Neural Networks},
  series = {Proceedings. {{IJCNN}} - {{International Joint Conference}} on {{Neural Networks}}},
  pages = {145--150},
  publisher = {{Publ by IEEE}},
  issn = {0780301641},
  keywords = {gradients training,Sobolev training}
}

@inproceedings{duanBenchmarkingDeepReinforcement2016,
  title = {Benchmarking Deep Reinforcement Learning for Continuous Control},
  booktitle = {International Conference on Machine Learning},
  author = {Duan, Yan and Chen, Xi and Houthooft, Rein and Schulman, John and Abbeel, Pieter},
  year = {2016},
  pages = {1329--1338},
  organization = {{PMLR}}
}

@article{duchiAdaptiveSubgradientMethods2011,
  title = {Adaptive Subgradient Methods for Online Learning and Stochastic Optimization},
  author = {Duchi, John and Hazan, Elad and Singer, Yoram},
  year = {2011},
  journal = {Journal of Machine Learning Research},
  volume = {12},
  number = {61},
  pages = {2121--2159}
}

@inproceedings{duGradientDescentFinds2019,
  title = {Gradient {{Descent Finds Global Minima}} of {{Deep Neural Networks}}},
  booktitle = {International {{Conference}} on {{Machine Learning}}},
  author = {Du, Simon and Lee, Jason and Li, Haochuan and Wang, Liwei and Zhai, Xiyu},
  year = {2019},
  month = may,
  pages = {1675--1685},
  publisher = {{PMLR}},
  issn = {2640-3498},
  langid = {english},
  keywords = {Why no global second order}
}

@article{e088f262c96a957b0760b753d1f4d34d3b9923e1,
  title = {Does Interpretability of Neural Networks Imply Adversarial Robustness?},
  author = {Noack, Adam and Ahern, Isaac and Dou, D. and Li, Boyang},
  year = {2019},
  journal = {ArXiv},
  volume = {abs/1912.03430},
  arxivid = {1912.03430}
}

@article{elsayedLargeMarginDeep2018,
  title = {Large Margin Deep Networks for Classification},
  author = {Elsayed, Gamaleldin and Krishnan, Dilip and Mobahi, Hossein and Regan, Kevin and Bengio, Samy},
  year = {2018},
  journal = {Advances in neural information processing systems},
  volume = {31},
  keywords = {large margin neural networks,Sobolev training}
}

@inproceedings{entezariRolePermutationInvariance2022,
  title = {The Role of Permutation Invariance in Linear Mode Connectivity of Neural Networks},
  booktitle = {International Conference on Learning Representations},
  author = {Entezari, Rahim and Sedghi, Hanie and Saukh, Olga and Neyshabur, Behnam},
  year = {2022},
  keywords = {linear interpolation,to read}
}

@article{erhanWhyDoesUnsupervised2010,
  title = {Why {{Does Unsupervised Pre-training Help Deep Learning}}?},
  author = {Erhan, Dumitru and Bengio, Yoshua and Courville, Aaron and Manzagol, Pierre-Antoine and Vincent, Pascal and Bengio, Samy},
  year = {2010},
  journal = {Journal of Machine Learning Research},
  volume = {11},
  number = {19},
  pages = {625--660},
  issn = {1533-7928}
}

@article{evciDifficultyTrainingSparse2020,
  title = {The {{Difficulty}} of {{Training Sparse Neural Networks}}},
  author = {Evci, Utku and Pedregosa, Fabian and Gomez, Aidan and Elsen, Erich},
  year = {2020},
  month = oct,
  journal = {arXiv:1906.10732 [cs, stat]},
  eprint = {1906.10732},
  eprinttype = {arxiv},
  primaryclass = {cs, stat},
  archiveprefix = {arXiv},
  keywords = {sparse NN,sparse training}
}

@article{evciGradientFlowSparse2020,
  title = {Gradient {{Flow}} in {{Sparse Neural Networks}} and {{How Lottery Tickets Win}}},
  author = {Evci, Utku and Ioannou, Yani A. and Keskin, Cem and Dauphin, Yann},
  year = {2020},
  month = oct,
  journal = {arXiv:2010.03533 [cs]},
  eprint = {2010.03533},
  eprinttype = {arxiv},
  primaryclass = {cs},
  archiveprefix = {arXiv},
  keywords = {Optimization,Pruning}
}

@inproceedings{evciRiggingLotteryMaking2020,
  title = {Rigging the Lottery: {{Making}} All Tickets Winners},
  booktitle = {Proceedings of the 37th International Conference on Machine Learning},
  author = {Evci, Utku and Gale, Trevor and Menick, Jacob and Castro, Pablo Samuel and Elsen, Erich},
  editor = {III, Hal Daum{\'e} and Singh, Aarti},
  year = {2020},
  month = jul,
  series = {Proceedings of Machine Learning Research},
  volume = {119},
  pages = {2943--2952},
  publisher = {{PMLR}},
  pdf = {http://proceedings.mlr.press/v119/evci20a/evci20a.pdf},
  keywords = {dynamical sparse training}
}

@inproceedings{fogelEvolutionaryMethodsTraining1991,
  title = {Evolutionary Methods for Training Neural Networks},
  booktitle = {[1991 {{Proceedings}}] {{IEEE Conference}} on {{Neural Networks}} for {{Ocean Engineering}}},
  author = {Fogel, D.B. and Fogel, L.J. and Porto, V.W.},
  year = {1991},
  month = aug,
  pages = {317--327},
  doi = {10.1109/ICNN.1991.163368}
}

@misc{FOMOTinyMLNeural,
  title = {{{FOMO}} Is a {{TinyML}} Neural Network for Real-Time Object Detection \textendash{} {{TechTalks}}},
  howpublished = {https://bdtechtalks.com/2022/04/18/fomo-tinyml-object-detection/},
  keywords = {TinyML}
}

@inproceedings{foretSharpnessawareMinimizationEfficiently2021,
  title = {Sharpness-Aware Minimization for Efficiently Improving Generalization},
  booktitle = {International Conference on Learning Representations},
  author = {Foret, Pierre and Kleiner, Ariel and Mobahi, Hossein and Neyshabur, Behnam},
  year = {2021}
}

@misc{fortDeepEnsemblesLoss2020,
  title = {Deep {{Ensembles}}: {{A Loss Landscape Perspective}}},
  shorttitle = {Deep {{Ensembles}}},
  author = {Fort, Stanislav and Hu, Huiyi and Lakshminarayanan, Balaji},
  year = {2020},
  month = jun,
  number = {arXiv:1912.02757},
  eprint = {1912.02757},
  eprinttype = {arxiv},
  primaryclass = {cs, stat},
  institution = {{arXiv}},
  doi = {10.48550/arXiv.1912.02757},
  archiveprefix = {arXiv}
}

@article{fountoulakisPerformanceFirstSecondorder2016,
  title = {Performance of First- and Second-Order Methods for \$\$\textbackslash ell \_1\$\$-Regularized Least Squares Problems},
  author = {Fountoulakis, Kimon and Gondzio, Jacek},
  year = {2016},
  month = dec,
  journal = {Computational Optimization and Applications},
  volume = {65},
  number = {3},
  pages = {605--635},
  issn = {1573-2894},
  doi = {10.1007/s10589-016-9853-x},
  langid = {english}
}

@inproceedings{frankleLinearModeConnectivity2020,
  title = {Linear {{Mode Connectivity}} and the {{Lottery Ticket Hypothesis}}},
  booktitle = {Proceedings of the 37th {{International Conference}} on {{Machine Learning}}},
  author = {Frankle, Jonathan and Dziugaite, Gintare Karolina and Roy, Daniel and Carbin, Michael},
  year = {2020},
  month = nov,
  pages = {3259--3269},
  publisher = {{PMLR}},
  issn = {2640-3498},
  langid = {english},
  keywords = {Pruning}
}

@inproceedings{frankleLotteryTicketHypothesis2018,
  title = {The {{Lottery Ticket Hypothesis}}: {{Finding Sparse}}, {{Trainable Neural Networks}}},
  shorttitle = {The {{Lottery Ticket Hypothesis}}},
  booktitle = {International {{Conference}} on {{Learning Representations}}},
  author = {Frankle, Jonathan and Carbin, Michael},
  year = {2018},
  month = sep,
  langid = {english},
  keywords = {Pruning}
}

@article{frankleLotteryTicketHypothesis2019,
  title = {The {{Lottery Ticket Hypothesis}}: {{Finding Sparse}}, {{Trainable Neural Networks}}},
  shorttitle = {The {{Lottery Ticket Hypothesis}}},
  author = {Frankle, Jonathan and Carbin, Michael},
  year = {2019},
  month = mar,
  journal = {arXiv:1803.03635 [cs]},
  eprint = {1803.03635},
  eprinttype = {arxiv},
  primaryclass = {cs},
  archiveprefix = {arXiv},
  keywords = {Pruning,small networks}
}

@article{franklePruningNeuralNetworks2021,
  title = {Pruning {{Neural Networks}} at {{Initialization}}: {{Why}} Are {{We Missing}} the {{Mark}}?},
  shorttitle = {Pruning {{Neural Networks}} at {{Initialization}}},
  author = {Frankle, Jonathan and Dziugaite, Gintare Karolina and Roy, Daniel M. and Carbin, Michael},
  year = {2021},
  month = mar,
  journal = {arXiv:2009.08576 [cs, stat]},
  eprint = {2009.08576},
  eprinttype = {arxiv},
  primaryclass = {cs, stat},
  archiveprefix = {arXiv},
  keywords = {Pruning,small networks}
}

@inproceedings{frantarMFACEfficientMatrixFree2021,
  title = {M-{{FAC}}: {{Efficient Matrix-Free Approximations}} of {{Second-Order Information}}},
  shorttitle = {M-{{FAC}}},
  booktitle = {Advances in {{Neural Information Processing Systems}}},
  author = {Frantar, Elias and Kurtic, Eldar and Alistarh, Dan},
  year = {2021},
  volume = {34},
  pages = {14873--14886},
  publisher = {{Curran Associates, Inc.}},
  keywords = {Hessian}
}

@article{galvanNeuroevolutionDeepLearning2021,
  title = {Neuroevolution in {{Deep Learning}}: {{The Role}} of {{Neutrality}}},
  shorttitle = {Neuroevolution in {{Deep Learning}}},
  author = {Galv{\'a}n, Edgar},
  year = {2021},
  month = feb,
  journal = {arXiv:2102.08475 [cs]},
  eprint = {2102.08475},
  eprinttype = {arxiv},
  primaryclass = {cs},
  archiveprefix = {arXiv},
  keywords = {Why ES in neural networks}
}

@inproceedings{gaoProgressiveFeatureInteraction2021,
  title = {Progressive {{Feature Interaction Search}} for {{Deep Sparse Network}}},
  booktitle = {Advances in {{Neural Information Processing Systems}}},
  author = {Gao, Chen and Li, Yinfeng and Yao, Quanming and Jin, Depeng and Li, Yong},
  year = {2021},
  volume = {34},
  pages = {392--403},
  publisher = {{Curran Associates, Inc.}},
  keywords = {feature interaction,Pruning,sparse networks}
}

@article{garbinDropoutVsBatch2020,
  title = {Dropout vs. Batch Normalization: An Empirical Study of Their Impact to Deep Learning},
  shorttitle = {Dropout vs. Batch Normalization},
  author = {Garbin, Christian and Zhu, Xingquan and Marques, Oge},
  year = {2020},
  month = may,
  journal = {Multimedia Tools and Applications},
  volume = {79},
  number = {19},
  pages = {12777--12815},
  issn = {1573-7721},
  doi = {10.1007/s11042-019-08453-9},
  langid = {english},
  keywords = {examples}
}

@article{garipovLossSurfacesMode2018,
  title = {Loss {{Surfaces}}, {{Mode Connectivity}}, and {{Fast Ensembling}} of {{DNNs}}},
  author = {Garipov, Timur and Izmailov, Pavel and Podoprikhin, Dmitrii and Vetrov, Dmitry and Wilson, Andrew Gordon},
  year = {2018},
  month = oct,
  journal = {arXiv:1802.10026 [cs, stat]},
  eprint = {1802.10026},
  eprinttype = {arxiv},
  primaryclass = {cs, stat},
  archiveprefix = {arXiv}
}

@article{geEscapingSaddlePoints2015,
  title = {Escaping {{From Saddle Points}} --- {{Online Stochastic Gradient}} for {{Tensor Decomposition}}},
  author = {Ge, Rong and Huang, Furong and Jin, Chi and Yuan, Yang},
  year = {2015},
  month = mar,
  journal = {arXiv:1503.02101 [cs, math, stat]},
  eprint = {1503.02101},
  eprinttype = {arxiv},
  primaryclass = {cs, math, stat},
  archiveprefix = {arXiv},
  keywords = {Optimization,Saddle Points}
}

@inproceedings{ghorbaniInvestigationNeuralNet2019,
  title = {An {{Investigation}} into {{Neural Net Optimization}} via {{Hessian Eigenvalue Density}}},
  booktitle = {International {{Conference}} on {{Machine Learning}}},
  author = {Ghorbani, Behrooz and Krishnan, Shankar and Xiao, Ying},
  year = {2019},
  month = may,
  pages = {2232--2241},
  publisher = {{PMLR}},
  issn = {2640-3498},
  langid = {english},
  keywords = {metrics for suitability for optimization,to read}
}

@inproceedings{glorotUnderstandingDifficultyTraining2010,
  title = {Understanding the Difficulty of Training Deep Feedforward Neural Networks},
  booktitle = {Proceedings of the {{Thirteenth International Conference}} on {{Artificial Intelligence}} and {{Statistics}}},
  author = {Glorot, Xavier and Bengio, Yoshua},
  year = {2010},
  month = mar,
  pages = {249--256},
  publisher = {{JMLR Workshop and Conference Proceedings}},
  issn = {1938-7228},
  langid = {english},
  keywords = {initialization}
}

@book{goodfellowDeepLearning2016,
  title = {Deep Learning},
  author = {Goodfellow, Ian and Bengio, Yoshua and Courville, Aaron},
  year = {2016},
  publisher = {{MIT Press}}
}

@article{goodfellowGenerativeAdversarialNetworks2014,
  title = {Generative {{Adversarial Networks}}},
  author = {Goodfellow, Ian J. and {Pouget-Abadie}, Jean and Mirza, Mehdi and Xu, Bing and {Warde-Farley}, David and Ozair, Sherjil and Courville, Aaron and Bengio, Yoshua},
  year = {2014},
  month = jun,
  journal = {arXiv:1406.2661 [cs, stat]},
  eprint = {1406.2661},
  eprinttype = {arxiv},
  primaryclass = {cs, stat},
  archiveprefix = {arXiv},
  keywords = {examples}
}

@misc{GreedyLayerwiseTraining,
  title = {Greedy Layer-Wise Training of Deep Networks | {{Proceedings}} of the 19th {{International Conference}} on {{Neural Information Processing Systems}}},
  howpublished = {https://dl.acm.org/doi/10.5555/2976456.2976476}
}

@misc{guoDeepFMFactorizationMachineBased2017,
  title = {{{DeepFM}}: {{A Factorization-Machine}} Based {{Neural Network}} for {{CTR Prediction}}},
  shorttitle = {{{DeepFM}}},
  author = {Guo, Huifeng and Tang, Ruiming and Ye, Yunming and Li, Zhenguo and He, Xiuqiang},
  year = {2017},
  month = mar,
  number = {arXiv:1703.04247},
  eprint = {1703.04247},
  eprinttype = {arxiv},
  primaryclass = {cs},
  institution = {{arXiv}},
  doi = {10.48550/arXiv.1703.04247},
  archiveprefix = {arXiv},
  keywords = {click through prediction,feature interaction}
}

@misc{guptaComplexityRequiredNeural2022,
  title = {Is {{Complexity Required}} for {{Neural Network Pruning}}? {{A Case Study}} on {{Global Magnitude Pruning}}},
  shorttitle = {Is {{Complexity Required}} for {{Neural Network Pruning}}?},
  author = {Gupta, Manas and Camci, Efe and Keneta, Vishandi Rudy and Vaidyanathan, Abhishek and Kanodia, Ritwik and Foo, Chuan-Sheng and Min, Wu and Jie, Lin},
  year = {2022},
  month = sep,
  number = {arXiv:2209.14624},
  eprint = {2209.14624},
  eprinttype = {arxiv},
  primaryclass = {cs},
  publisher = {{arXiv}},
  doi = {10.48550/arXiv.2209.14624},
  archiveprefix = {arXiv},
  keywords = {Pruning}
}

@article{gur-ariGradientDescentHappens2018,
  title = {Gradient {{Descent Happens}} in a {{Tiny Subspace}}},
  author = {{Gur-Ari}, Guy and Roberts, Daniel A. and Dyer, Ethan},
  year = {2018},
  month = dec,
  journal = {arXiv:1812.04754 [cs, stat]},
  eprint = {1812.04754},
  eprinttype = {arxiv},
  primaryclass = {cs, stat},
  archiveprefix = {arXiv},
  keywords = {small networks,to read}
}

@misc{gur-ariGradientDescentHappens2018a,
  title = {Gradient {{Descent Happens}} in a {{Tiny Subspace}}},
  author = {{Gur-Ari}, Guy and Roberts, Daniel A. and Dyer, Ethan},
  year = {2018},
  month = dec,
  number = {arXiv:1812.04754},
  eprint = {1812.04754},
  eprinttype = {arxiv},
  primaryclass = {cs, stat},
  publisher = {{arXiv}},
  doi = {10.48550/arXiv.1812.04754},
  archiveprefix = {arXiv},
  keywords = {low dimensional manifold}
}

@inproceedings{habibilashkariDIDarknetContemporaryApproach2020,
  title = {{{DIDarknet}}: {{A Contemporary Approach}} to {{Detect}} and {{Characterize}} the {{Darknet Traffic}} Using {{Deep Image Learning}}},
  shorttitle = {{{DIDarknet}}},
  booktitle = {2020 the 10th {{International Conference}} on {{Communication}} and {{Network Security}}},
  author = {Habibi Lashkari, Arash and Kaur, Gurdip and Rahali, Abir},
  year = {2020},
  month = nov,
  series = {{{ICCNS}} 2020},
  pages = {1--13},
  publisher = {{Association for Computing Machinery}},
  address = {{New York, NY, USA}},
  doi = {10.1145/3442520.3442521},
  isbn = {978-1-4503-8903-7},
  keywords = {cybersecurity}
}

@misc{hanDeepCompressionCompressing2016,
  title = {Deep {{Compression}}: {{Compressing Deep Neural Networks}} with {{Pruning}}, {{Trained Quantization}} and {{Huffman Coding}}},
  shorttitle = {Deep {{Compression}}},
  author = {Han, Song and Mao, Huizi and Dally, William J.},
  year = {2016},
  month = feb,
  number = {arXiv:1510.00149},
  eprint = {1510.00149},
  eprinttype = {arxiv},
  primaryclass = {cs},
  publisher = {{arXiv}},
  doi = {10.48550/arXiv.1510.00149},
  archiveprefix = {arXiv},
  keywords = {Pruning}
}

@inproceedings{hanDeepCompressionCompressing2016a,
  title = {Deep Compression: {{Compressing}} Deep Neural Network with Pruning, Trained Quantization and Huffman Coding},
  booktitle = {4th International Conference on Learning Representations, {{ICLR}} 2016, San Juan, Puerto Rico, May 2-4, 2016, Conference Track Proceedings},
  author = {Han, Song and Mao, Huizi and Dally, William J.},
  editor = {Bengio, Yoshua and LeCun, Yann},
  year = {2016},
  bibsource = {dblp computer science bibliography, https://dblp.org},
  biburl = {https://dblp.org/rec/journals/corr/HanMD15.bib},
  timestamp = {Fri, 20 Nov 2020 16:16:06 +0100}
}

@inproceedings{hanLearningBothWeights2015a,
  title = {Learning Both {{Weights}} and {{Connections}} for {{Efficient Neural Network}}},
  booktitle = {Advances in {{Neural Information Processing Systems}}},
  author = {Han, Song and Pool, Jeff and Tran, John and Dally, William},
  year = {2015},
  volume = {28},
  publisher = {{Curran Associates, Inc.}},
  keywords = {Pruning}
}

@techreport{hansenCMAEvolutionStrategy2016,
  title = {The {{CMA Evolution Strategy}}: {{A Tutorial}}},
  author = {Hansen, Nikolaus},
  year = {2016},
  annotation = {\_eprint: 1604.00772v1}
}

@article{hanSurveyVisualTransformer2021,
  title = {A {{Survey}} on {{Visual Transformer}}},
  author = {Han, Kai and Wang, Yunhe and Chen, Hanting and Chen, Xinghao and Guo, Jianyuan and Liu, Zhenhua and Tang, Yehui and Xiao, An and Xu, Chunjing and Xu, Yixing and Yang, Zhaohui and Zhang, Yiman and Tao, Dacheng},
  year = {2021},
  month = jan,
  journal = {arXiv:2012.12556 [cs]},
  eprint = {2012.12556},
  eprinttype = {arxiv},
  primaryclass = {cs},
  archiveprefix = {arXiv},
  keywords = {Interactions,small networks}
}

@inproceedings{hassibiOptimalBrainSurgeon1993,
  title = {Optimal {{Brain Surgeon}}: {{Extensions}} and Performance Comparisons},
  shorttitle = {Optimal {{Brain Surgeon}}},
  booktitle = {Advances in {{Neural Information Processing Systems}}},
  author = {Hassibi, Babak and Stork, David and Wolff, Gregory},
  year = {1993},
  volume = {6},
  publisher = {{Morgan-Kaufmann}},
  keywords = {Hessian,Pruning}
}

@inproceedings{hassibiSecondOrderDerivatives1992,
  title = {Second Order Derivatives for Network Pruning: {{Optimal Brain Surgeon}}},
  shorttitle = {Second Order Derivatives for Network Pruning},
  booktitle = {Advances in {{Neural Information Processing Systems}}},
  author = {Hassibi, Babak and Stork, David},
  year = {1992},
  volume = {5},
  publisher = {{Morgan-Kaufmann}},
  keywords = {Hessian,Pruning}
}

@article{hassonDirectFitNature2020,
  title = {Direct {{Fit}} to {{Nature}}: {{An Evolutionary Perspective}} on {{Biological}} and {{Artificial Neural Networks}}},
  shorttitle = {Direct {{Fit}} to {{Nature}}},
  author = {Hasson, Uri and Nastase, Samuel A. and Goldstein, Ariel},
  year = {2020},
  month = feb,
  journal = {Neuron},
  volume = {105},
  number = {3},
  pages = {416--434},
  issn = {0896-6273},
  doi = {10.1016/j.neuron.2019.12.002},
  langid = {english}
}

@article{heDeepResidualLearning2015,
  title = {Deep {{Residual Learning}} for {{Image Recognition}}},
  author = {He, Kaiming and Zhang, Xiangyu and Ren, Shaoqing and Sun, Jian},
  year = {2015},
  month = dec,
  journal = {arXiv:1512.03385 [cs]},
  eprint = {1512.03385},
  eprinttype = {arxiv},
  primaryclass = {cs},
  archiveprefix = {arXiv},
  keywords = {ResNets}
}

@article{hendersonDeepReinforcementLearning2019,
  title = {Deep {{Reinforcement Learning}} That {{Matters}}},
  author = {Henderson, Peter and Islam, Riashat and Bachman, Philip and Pineau, Joelle and Precup, Doina and Meger, David},
  year = {2019},
  month = jan,
  journal = {arXiv:1709.06560 [cs, stat]},
  eprint = {1709.06560},
  eprinttype = {arxiv},
  primaryclass = {cs, stat},
  archiveprefix = {arXiv},
  keywords = {Reliability of Reinforcement Learning}
}

@inproceedings{hendrycksBenchmarkingNeuralNetwork2018,
  title = {Benchmarking {{Neural Network Robustness}} to {{Common Corruptions}} and {{Perturbations}}},
  booktitle = {International {{Conference}} on {{Learning Representations}}},
  author = {Hendrycks, Dan and Dietterich, Thomas},
  year = {2018},
  month = sep,
  langid = {english},
  keywords = {Robustness}
}

@article{hendrycksManyFacesRobustness2021,
  title = {The {{Many Faces}} of {{Robustness}}: {{A Critical Analysis}} of {{Out-of-Distribution Generalization}}},
  shorttitle = {The {{Many Faces}} of {{Robustness}}},
  author = {Hendrycks, Dan and Basart, Steven and Mu, Norman and Kadavath, Saurav and Wang, Frank and Dorundo, Evan and Desai, Rahul and Zhu, Tyler and Parajuli, Samyak and Guo, Mike and Song, Dawn and Steinhardt, Jacob and Gilmer, Justin},
  year = {2021},
  month = jul,
  journal = {arXiv:2006.16241 [cs, stat]},
  eprint = {2006.16241},
  eprinttype = {arxiv},
  primaryclass = {cs, stat},
  archiveprefix = {arXiv},
  keywords = {Robustness}
}

@article{heNonlinearitiesActivationsSubstantially2020,
  title = {Nonlinearities in Activations Substantially Shape the Loss Surfaces of Neural Networks},
  author = {He, Fengxiang and Wang, Bohan and Tao, D.},
  year = {2020},
  journal = {undefined},
  langid = {english},
  keywords = {Why no global second order}
}

@article{hernandezMeasuringAlgorithmicEfficiency2020a,
  title = {Measuring the {{Algorithmic Efficiency}} of {{Neural Networks}}},
  author = {Hernandez, Danny and Brown, Tom B.},
  year = {2020},
  month = may,
  journal = {arXiv:2005.04305 [cs, stat]},
  eprint = {2005.04305},
  eprinttype = {arxiv},
  primaryclass = {cs, stat},
  archiveprefix = {arXiv},
  keywords = {Deep learning Efficiency}
}

@article{hintonReducingDimensionalityData2006,
  title = {Reducing the {{Dimensionality}} of {{Data}} with {{Neural Networks}}},
  author = {Hinton, G. E. and Salakhutdinov, R. R.},
  year = {2006},
  month = jul,
  journal = {Science},
  volume = {313},
  number = {5786},
  pages = {504--507},
  publisher = {{American Association for the Advancement of Science}},
  issn = {0036-8075, 1095-9203},
  doi = {10.1126/science.1127647},
  chapter = {Report},
  copyright = {American Association for the Advancement of Science},
  langid = {english},
  pmid = {16873662},
  keywords = {examples}
}

@article{hochreiterFlatMinima1997,
  title = {Flat {{Minima}}},
  author = {Hochreiter, Sepp and Schmidhuber, J{\"u}rgen},
  year = {1997},
  month = jan,
  journal = {Neural Computation},
  volume = {9},
  number = {1},
  pages = {1--42},
  issn = {0899-7667},
  doi = {10.1162/neco.1997.9.1.1},
  keywords = {Sharp Minima}
}

@article{hochreiterLongShortTermMemory1997,
  title = {Long {{Short-Term Memory}}},
  author = {Hochreiter, Sepp and Schmidhuber, J{\"u}rgen},
  year = {1997},
  month = nov,
  journal = {Neural Computation},
  volume = {9},
  number = {8},
  pages = {1735--1780},
  issn = {0899-7667},
  doi = {10.1162/neco.1997.9.8.1735}
}

@article{hodDetectingModularityDeep2021,
  title = {Detecting {{Modularity}} in {{Deep Neural Networks}}},
  author = {Hod, Shlomi and Casper, Stephen and Filan, Daniel and Wild, Cody and Critch, Andrew and Russell, Stuart},
  year = {2021},
  month = oct,
  langid = {english},
  keywords = {Explainability,Pruning}
}

@article{hoeflerSparsityDeepLearning,
  title = {Sparsity in {{Deep Learning}}: {{Pruning}} and Growth for Efficient Inference and Training in Neural Networks},
  author = {Hoefler, Torsten and Alistarh, Dan and {Ben-Nun}, Tal and Dryden, Nikoli},
  pages = {124},
  langid = {english}
}

@misc{howardMobileNetsEfficientConvolutional2017,
  title = {{{MobileNets}}: {{Efficient Convolutional Neural Networks}} for {{Mobile Vision Applications}}},
  shorttitle = {{{MobileNets}}},
  author = {Howard, Andrew G. and Zhu, Menglong and Chen, Bo and Kalenichenko, Dmitry and Wang, Weijun and Weyand, Tobias and Andreetto, Marco and Adam, Hartwig},
  year = {2017},
  month = apr,
  number = {arXiv:1704.04861},
  eprint = {1704.04861},
  eprinttype = {arxiv},
  primaryclass = {cs},
  publisher = {{arXiv}},
  doi = {10.48550/arXiv.1704.04861},
  archiveprefix = {arXiv},
  keywords = {examples,small networks}
}

@misc{HowTransferableAre,
  title = {How Transferable Are Features in Deep Neural Networks?},
  howpublished = {https://papers.nips.cc/paper/2014/hash/375c71349b295fbe2dcdca9206f20a06-Abstract.html},
  keywords = {filter understanding}
}

@article{huangGPipeEfficientTraining2019,
  title = {{{GPipe}}: {{Efficient Training}} of {{Giant Neural Networks}} Using {{Pipeline Parallelism}}},
  shorttitle = {{{GPipe}}},
  author = {Huang, Yanping and Cheng, Youlong and Bapna, Ankur and Firat, Orhan and Chen, Mia Xu and Chen, Dehao and Lee, HyoukJoong and Ngiam, Jiquan and Le, Quoc V. and Wu, Yonghui and Chen, Zhifeng},
  year = {2019},
  month = jul,
  journal = {arXiv:1811.06965 [cs]},
  eprint = {1811.06965},
  eprinttype = {arxiv},
  primaryclass = {cs},
  archiveprefix = {arXiv},
  keywords = {examples}
}

@article{huangUnderstandingGeneralizationVisualizations2020,
  title = {Understanding {{Generalization}} through {{Visualizations}}},
  author = {Huang, W. Ronny and Emam, Zeyad and Goldblum, Micah and Fowl, Liam and Terry, Justin K. and Huang, Furong and Goldstein, Tom},
  year = {2020},
  month = nov,
  journal = {arXiv:1906.03291 [cs, stat]},
  eprint = {1906.03291},
  eprinttype = {arxiv},
  primaryclass = {cs, stat},
  archiveprefix = {arXiv},
  keywords = {Loss Landscape,Why no global second order}
}

@inproceedings{igelNeuroevolutionReinforcementLearning2003,
  title = {Neuroevolution for Reinforcement Learning Using Evolution Strategies},
  booktitle = {The 2003 {{Congress}} on {{Evolutionary Computation}}, 2003. {{CEC}} '03.},
  author = {Igel, C.},
  year = {2003},
  month = dec,
  volume = {4},
  pages = {2588-2595 Vol.4},
  doi = {10.1109/CEC.2003.1299414}
}

@article{izmailovAveragingWeightsLeads2019,
  title = {Averaging {{Weights Leads}} to {{Wider Optima}} and {{Better Generalization}}},
  author = {Izmailov, Pavel and Podoprikhin, Dmitrii and Garipov, Timur and Vetrov, Dmitry and Wilson, Andrew Gordon},
  year = {2019},
  month = feb,
  journal = {arXiv:1803.05407 [cs, stat]},
  eprint = {1803.05407},
  eprinttype = {arxiv},
  primaryclass = {cs, stat},
  archiveprefix = {arXiv},
  keywords = {flat optimizers,Optimization,small networks,stochastic pruning}
}

@article{jadavOptimizingWeightsArtificial2012,
  title = {Optimizing {{Weights}} of {{Artificial Neural Networks}} Using {{Genetic Algorithms}}},
  author = {Jadav, Kinjal and Panchal, Mahesh},
  year = {2012},
  journal = {undefined},
  langid = {english}
}

@article{jaderbergPopulationBasedTraining2017,
  title = {Population {{Based Training}} of {{Neural Networks}}},
  author = {Jaderberg, Max and Dalibard, Valentin and Osindero, Simon and Czarnecki, Wojciech M. and Donahue, Jeff and Razavi, Ali and Vinyals, Oriol and Green, Tim and Dunning, Iain and Simonyan, Karen and Fernando, Chrisantha and Kavukcuoglu, Koray},
  year = {2017},
  month = nov,
  journal = {arXiv:1711.09846 [cs]},
  eprint = {1711.09846},
  eprinttype = {arxiv},
  primaryclass = {cs},
  archiveprefix = {arXiv}
}

@inproceedings{jaderbergSpeedingConvolutionalNeural2014,
  title = {Speeding up {{Convolutional Neural Networks}} with {{Low Rank Expansions}}},
  booktitle = {Proceedings of the {{British Machine Vision Conference}} 2014},
  author = {Jaderberg, Max and Vedaldi, Andrea and Zisserman, Andrew},
  year = {2014},
  pages = {88.1-88.13},
  publisher = {{British Machine Vision Association}},
  address = {{Nottingham}},
  doi = {10.5244/C.28.88},
  isbn = {978-1-901725-52-0},
  langid = {english},
  keywords = {examples,network compression}
}

@article{jaeglePerceiverGeneralPerception2021,
  title = {Perceiver: {{General Perception}} with {{Iterative Attention}}},
  shorttitle = {Perceiver},
  author = {Jaegle, Andrew and Gimeno, Felix and Brock, Andrew and Zisserman, Andrew and Vinyals, Oriol and Carreira, Joao},
  year = {2021},
  month = jun,
  journal = {arXiv:2103.03206 [cs, eess]},
  eprint = {2103.03206},
  eprinttype = {arxiv},
  primaryclass = {cs, eess},
  archiveprefix = {arXiv},
  keywords = {Interactions}
}

@article{jiangFantasticGeneralizationMeasures2019,
  title = {Fantastic {{Generalization Measures}} and {{Where}} to {{Find Them}}},
  author = {Jiang, Yiding and Neyshabur, Behnam and Mobahi, Hossein and Krishnan, Dilip and Bengio, Samy},
  year = {2019},
  month = dec,
  journal = {arXiv:1912.02178 [cs, stat]},
  eprint = {1912.02178},
  eprinttype = {arxiv},
  primaryclass = {cs, stat},
  archiveprefix = {arXiv},
  keywords = {Diagnostic Measures,Generalization Measures,small networks}
}

@article{jinHowEscapeSaddle2017,
  title = {How to {{Escape Saddle Points Efficiently}}},
  author = {Jin, Chi and Ge, Rong and Netrapalli, Praneeth and Kakade, Sham M. and Jordan, Michael I.},
  year = {2017},
  month = mar,
  journal = {arXiv:1703.00887 [cs, math, stat]},
  eprint = {1703.00887},
  eprinttype = {arxiv},
  primaryclass = {cs, math, stat},
  archiveprefix = {arXiv},
  keywords = {Saddle points}
}

@misc{jozefowiczExploringLimitsLanguage2016,
  title = {Exploring the {{Limits}} of {{Language Modeling}}},
  author = {Jozefowicz, Rafal and Vinyals, Oriol and Schuster, Mike and Shazeer, Noam and Wu, Yonghui},
  year = {2016},
  month = feb,
  number = {arXiv:1602.02410},
  eprint = {1602.02410},
  eprinttype = {arxiv},
  primaryclass = {cs},
  publisher = {{arXiv}},
  doi = {10.48550/arXiv.1602.02410},
  archiveprefix = {arXiv},
  keywords = {example}
}

@article{karimi-mamaghanMachineLearningService2022,
  title = {Machine Learning at the Service of Meta-Heuristics for Solving Combinatorial Optimization Problems: {{A}} State-of-the-Art},
  shorttitle = {Machine Learning at the Service of Meta-Heuristics for Solving Combinatorial Optimization Problems},
  author = {{Karimi-Mamaghan}, Maryam and Mohammadi, Mehrdad and Meyer, Patrick and {Karimi-Mamaghan}, Amir Mohammad and Talbi, El-Ghazali},
  year = {2022},
  month = jan,
  journal = {European Journal of Operational Research},
  volume = {296},
  number = {2},
  pages = {393--422},
  issn = {0377-2217},
  doi = {10.1016/j.ejor.2021.04.032},
  langid = {english}
}

@article{karninSimpleProcedurePruning1990a,
  title = {A Simple Procedure for Pruning Back-Propagation Trained Neural Networks},
  author = {Karnin, E.D.},
  year = {1990},
  month = jun,
  journal = {IEEE Transactions on Neural Networks},
  volume = {1},
  number = {2},
  pages = {239--242},
  issn = {1941-0093},
  doi = {10.1109/72.80236},
  keywords = {Pruning}
}

@inproceedings{kawaguchiDeepLearningPoor2016,
  title = {Deep {{Learning}} without {{Poor Local Minima}}},
  booktitle = {{{NIPS}}},
  author = {Kawaguchi, Kenji},
  year = {2016},
  keywords = {Why no global second order}
}

@article{keskarLargeBatchTrainingDeep2017,
  title = {On {{Large-Batch Training}} for {{Deep Learning}}: {{Generalization Gap}} and {{Sharp Minima}}},
  shorttitle = {On {{Large-Batch Training}} for {{Deep Learning}}},
  author = {Keskar, Nitish Shirish and Mudigere, Dheevatsa and Nocedal, Jorge and Smelyanskiy, Mikhail and Tang, Ping Tak Peter},
  year = {2017},
  month = feb,
  journal = {arXiv:1609.04836 [cs, math]},
  eprint = {1609.04836},
  eprinttype = {arxiv},
  primaryclass = {cs, math},
  archiveprefix = {arXiv},
  keywords = {generalization,small networks}
}

@article{keupOrigamiDimensionsHow2022,
  title = {Origami in {{N}} Dimensions: {{How}} Feed-Forward Networks Manufacture Linear Separability},
  shorttitle = {Origami in {{N}} Dimensions},
  author = {Keup, Christian and Helias, Moritz},
  year = {2022},
  month = mar,
  journal = {arXiv:2203.11355 [cond-mat, stat]},
  eprint = {2203.11355},
  eprinttype = {arxiv},
  primaryclass = {cond-mat, stat},
  archiveprefix = {arXiv},
  keywords = {Interactions}
}

@inproceedings{khalilLearningCombinatorialOptimization2017,
  title = {Learning {{Combinatorial Optimization Algorithms}} over {{Graphs}}},
  booktitle = {Advances in {{Neural Information Processing Systems}}},
  author = {Khalil, Elias and Dai, Hanjun and Zhang, Yuyu and Dilkina, Bistra and Song, Le},
  year = {2017},
  volume = {30},
  publisher = {{Curran Associates, Inc.}}
}

@article{kingmaAdamMethodStochastic2014,
  title = {Adam: {{A}} Method for Stochastic Optimization},
  author = {Kingma, Diederik P and Ba, Jimmy},
  year = {2014},
  journal = {arXiv preprint arXiv:1412.6980},
  eprint = {1412.6980},
  eprinttype = {arxiv},
  archiveprefix = {arXiv}
}

@inproceedings{kisselSobolevTrainingApproximated2020,
  title = {Sobolev {{Training}} with {{Approximated Derivatives}} for {{Black-Box Function Regression}} with {{Neural Networks}}},
  booktitle = {Machine {{Learning}} and {{Knowledge Discovery}} in {{Databases}}},
  author = {Kissel, Matthias and Diepold, Klaus},
  editor = {Brefeld, Ulf and Fromont, Elisa and Hotho, Andreas and Knobbe, Arno and Maathuis, Marloes and Robardet, C{\'e}line},
  year = {2020},
  series = {Lecture {{Notes}} in {{Computer Science}}},
  pages = {399--414},
  publisher = {{Springer International Publishing}},
  address = {{Cham}},
  doi = {10.1007/978-3-030-46147-8_24},
  isbn = {978-3-030-46147-8},
  langid = {english},
  keywords = {gradients training,Sobolev training}
}

@inproceedings{knyazevParameterPredictionUnseen2021,
  title = {Parameter {{Prediction}} for {{Unseen Deep Architectures}}},
  booktitle = {Advances in {{Neural Information Processing Systems}}},
  author = {Knyazev, Boris and Drozdzal, Michal and Taylor, Graham W and Romero Soriano, Adriana},
  year = {2021},
  volume = {34},
  pages = {29433--29448},
  publisher = {{Curran Associates, Inc.}},
  keywords = {Graph neural network,Pruning,weight prediction}
}

@article{kondaActorCriticAlgorithms1999,
  title = {Actor-{{Critic Algorithms}}},
  author = {Konda, Vijay and Tsitsiklis, John},
  year = {1999},
  journal = {Advances in Neural Information Processing Systems},
  volume = {12},
  langid = {english}
}

@article{kurticOptimalBERTSurgeon2022,
  title = {The {{Optimal BERT Surgeon}}: {{Scalable}} and {{Accurate Second-Order Pruning}} for {{Large Language Models}}},
  shorttitle = {The {{Optimal BERT Surgeon}}},
  author = {Kurtic, Eldar and Campos, Daniel and Nguyen, Tuan and Frantar, Elias and Kurtz, Mark and Fineran, Benjamin and Goin, Michael and Alistarh, Dan},
  year = {2022},
  month = mar,
  journal = {arXiv:2203.07259 [cs]},
  eprint = {2203.07259},
  eprinttype = {arxiv},
  primaryclass = {cs},
  archiveprefix = {arXiv},
  keywords = {Hessian,Neural Magic,Pruning}
}

@inproceedings{kurtzInducingExploitingActivation2020a,
  title = {Inducing and Exploiting Activation Sparsity for Fast Inference on Deep Neural Networks},
  booktitle = {Proceedings of the 37th International Conference on Machine Learning},
  author = {Kurtz, Mark and Kopinsky, Justin and Gelashvili, Rati and Matveev, Alexander and Carr, John and Goin, Michael and Leiserson, William and Moore, Sage and Nell, Bill and Shavit, Nir and Alistarh, Dan},
  editor = {III, Hal Daum{\'e} and Singh, Aarti},
  year = {2020},
  month = jul,
  series = {Proceedings of Machine Learning Research},
  volume = {119},
  pages = {5533--5543},
  publisher = {{PMLR}},
  address = {{Virtual}},
  pdf = {http://proceedings.mlr.press/v119/kurtz20a/kurtz20a.pdf},
  keywords = {Neural Magic,Pruning,sparse NN}
}

@article{lecunDeepLearning2015,
  title = {Deep Learning},
  author = {LeCun, Yann and Bengio, Yoshua and Hinton, Geoffrey},
  year = {2015},
  journal = {nature},
  volume = {521},
  number = {7553},
  pages = {436--444},
  publisher = {{Nature Publishing Group}}
}

@inproceedings{lecunOptimalBrainDamage1989,
  title = {Optimal {{Brain Damage}}},
  booktitle = {Advances in {{Neural Information Processing Systems}}},
  author = {LeCun, Yann and Denker, John and Solla, Sara},
  year = {1989},
  volume = {2},
  publisher = {{Morgan-Kaufmann}},
  keywords = {Hessian,Pruning}
}

@inproceedings{leeGradientDescentOnly2016,
  title = {Gradient {{Descent Only Converges}} to {{Minimizers}}},
  booktitle = {Conference on {{Learning Theory}}},
  author = {Lee, Jason D. and Simchowitz, Max and Jordan, Michael I. and Recht, Benjamin},
  year = {2016},
  month = jun,
  pages = {1246--1257},
  publisher = {{PMLR}},
  issn = {1938-7228},
  langid = {english},
  keywords = {Why no global second order}
}

@inproceedings{leeLayeradaptiveSparsityMagnitudebased2022,
  title = {Layer-Adaptive {{Sparsity}} for the {{Magnitude-based Pruning}}},
  booktitle = {International {{Conference}} on {{Learning Representations}}},
  author = {Lee, Jaeho and Park, Sejun and Mo, Sangwoo and Ahn, Sungsoo and Shin, Jinwoo},
  year = {2022},
  month = feb,
  langid = {english},
  keywords = {layer-wise purning,Pruning}
}

@inproceedings{leeSNIPSINGLESHOTNETWORK2018,
  title = {{{SNIP}}: {{SINGLE-SHOT NETWORK PRUNING BASED ON CONNECTION SENSITIVITY}}},
  shorttitle = {{{SNIP}}},
  booktitle = {International {{Conference}} on {{Learning Representations}}},
  author = {Lee, Namhoon and Ajanthan, Thalaiyasingam and Torr, Philip},
  year = {2018},
  month = sep,
  langid = {english},
  keywords = {Pruning}
}

@inproceedings{lianXDeepFMCombiningExplicit2018,
  title = {{{xDeepFM}}: {{Combining Explicit}} and {{Implicit Feature Interactions}} for {{Recommender Systems}}},
  shorttitle = {{{xDeepFM}}},
  booktitle = {Proceedings of the 24th {{ACM SIGKDD International Conference}} on {{Knowledge Discovery}} \& {{Data Mining}}},
  author = {Lian, Jianxun and Zhou, Xiaohuan and Zhang, Fuzheng and Chen, Zhongxia and Xie, Xing and Sun, Guangzhong},
  year = {2018},
  month = jul,
  eprint = {1803.05170},
  eprinttype = {arxiv},
  primaryclass = {cs},
  pages = {1754--1763},
  doi = {10.1145/3219819.3220023},
  archiveprefix = {arXiv},
  keywords = {click through prediction,feature interaction}
}

@inproceedings{liHessianBasedAnalysis2020,
  title = {Hessian Based Analysis of Sgd for Deep Nets: {{Dynamics}} and Generalization},
  booktitle = {Proceedings of the 2020 {{SIAM}} International Conference on Data Mining},
  author = {Li, Xinyan and Gu, Qilong and Zhou, Yingxue and Chen, Tiancong and Banerjee, Arindam},
  year = {2020},
  pages = {190--198},
  organization = {{SIAM}},
  keywords = {Hessian}
}

@inproceedings{liMeasuringIntrinsicDimension2022,
  title = {Measuring the {{Intrinsic Dimension}} of {{Objective Landscapes}}},
  booktitle = {International {{Conference}} on {{Learning Representations}}},
  author = {Li, Chunyuan and Farkhoor, Heerad and Liu, Rosanne and Yosinski, Jason},
  year = {2022},
  month = feb,
  langid = {english},
  keywords = {Pruning}
}

@article{linParetoSetLearning2022,
  title = {Pareto Set Learning for Neural Multi-Objective Combinatorial Optimization},
  author = {Lin, Xi and Yang, Zhiyuan and Zhang, Qingfu},
  year = {2022},
  journal = {arXiv preprint arXiv:2203.15386},
  eprint = {2203.15386},
  eprinttype = {arxiv},
  archiveprefix = {arXiv},
  keywords = {learning in optimization}
}

@article{liOverParameterizedDeepNeural2018,
  title = {Over-{{Parameterized Deep Neural Networks Have No Strict Local Minima For Any Continuous Activations}}},
  author = {Li, Dawei and Ding, Tian and Sun, Ruoyu},
  year = {2018},
  journal = {ArXiv},
  keywords = {Why no global second order}
}

@inproceedings{liPruningFiltersEfficient2022,
  title = {Pruning {{Filters}} for {{Efficient ConvNets}}},
  booktitle = {International {{Conference}} on {{Learning Representations}}},
  author = {Li, Hao and Kadav, Asim and Durdanovic, Igor and Samet, Hanan and Graf, Hans Peter},
  year = {2022},
  month = jul,
  langid = {english},
  keywords = {filter pruning,Pruning,structured prunig}
}

@article{liTranslationBasedSequentialRecommendation2020,
  title = {Translation-{{Based Sequential Recommendation}} for {{Complex Users}} on {{Sparse Data}}},
  author = {Li, Hui and Liu, Ye and Mamoulis, Nikos and Rosenblum, David S.},
  year = {2020},
  month = aug,
  journal = {IEEE Transactions on Knowledge and Data Engineering},
  volume = {32},
  number = {8},
  pages = {1639--1651},
  issn = {1558-2191},
  doi = {10.1109/TKDE.2019.2906180},
  keywords = {sequential recommendation}
}

@inproceedings{liuDeepEnsemblingNo2021,
  title = {Deep {{Ensembling}} with {{No Overhead}} for Either {{Training}} or {{Testing}}: {{The All-Round Blessings}} of {{Dynamic Sparsity}}},
  shorttitle = {Deep {{Ensembling}} with {{No Overhead}} for Either {{Training}} or {{Testing}}},
  booktitle = {International {{Conference}} on {{Learning Representations}}},
  author = {Liu, Shiwei and Chen, Tianlong and Atashgahi, Zahra and Chen, Xiaohan and Sokar, Ghada and Mocanu, Elena and Pechenizkiy, Mykola and Wang, Zhangyang and Mocanu, Decebal Constantin},
  year = {2021},
  month = sep,
  langid = {english},
  keywords = {dynamical sparse training,enembling,good references}
}

@inproceedings{liuDynamicSparseTraining2020,
  title = {Dynamic {{Sparse Training}}: {{Find Efficient Sparse Network From Scratch With Trainable Masked Layers}}},
  shorttitle = {Dynamic {{Sparse Training}}},
  booktitle = {Eighth {{International Conference}} on {{Learning Representations}}},
  author = {Liu, Junjie and Xu, Zhe and Shi, Runbin and Cheung, Ray C. C. and So, Hayden K. H.},
  year = {2020},
  month = apr,
  langid = {english},
  keywords = {dynamical sparse training,Optimization,Pruning}
}

@article{liuSparseEvolutionaryDeep2021,
  title = {Sparse Evolutionary {{Deep Learning}} with over One Million Artificial Neurons on Commodity Hardware},
  author = {Liu, Shiwei and Mocanu, Decebal Constantin and Matavalam, Amarsagar Reddy Ramapuram and Pei, Yulong and Pechenizkiy, Mykola},
  year = {2021},
  month = jan,
  journal = {arXiv:1901.09181 [cs, stat]},
  eprint = {1901.09181},
  eprinttype = {arxiv},
  primaryclass = {cs, stat},
  archiveprefix = {arXiv},
  keywords = {dynamical sparse training}
}

@inproceedings{liuUnreasonableEffectivenessRandom2022,
  title = {The {{Unreasonable Effectiveness}} of {{Random Pruning}}: {{Return}} of the {{Most Naive Baseline}} for {{Sparse Training}}},
  shorttitle = {The {{Unreasonable Effectiveness}} of {{Random Pruning}}},
  booktitle = {International {{Conference}} on {{Learning Representations}}},
  author = {Liu, Shiwei and Chen, Tianlong and Chen, Xiaohan and Shen, Li and Mocanu, Decebal Constantin and Wang, Zhangyang and Pechenizkiy, Mykola},
  year = {2022},
  month = mar,
  langid = {english},
  keywords = {dynamical sparse training,Pruning}
}

@article{liVisualizingLossLandscape2018,
  title = {Visualizing the {{Loss Landscape}} of {{Neural Nets}}},
  author = {Li, Hao and Xu, Zheng and Taylor, Gavin and Studer, Christoph and Goldstein, Tom},
  year = {2018},
  month = nov,
  journal = {arXiv:1712.09913 [cs, stat]},
  eprint = {1712.09913},
  eprinttype = {arxiv},
  primaryclass = {cs, stat},
  archiveprefix = {arXiv},
  keywords = {Loss Landscape}
}

@article{louatiDeepLearningbasedMultiagent2020,
  title = {A Deep Learning-Based Multi-Agent System for Intrusion Detection},
  author = {Louati, Faten and Ktata, Farah Barika},
  year = {2020},
  month = mar,
  journal = {SN Applied Sciences},
  volume = {2},
  number = {4},
  pages = {675},
  issn = {2523-3971},
  doi = {10.1007/s42452-020-2414-z},
  langid = {english},
  keywords = {pratical application}
}

@inproceedings{lubanaGradientFlowFramework2021,
  title = {A Gradient Flow Framework for Analyzing Network Pruning},
  booktitle = {International Conference on Learning Representations},
  author = {Lubana, Ekdeep Singh and Dick, Robert},
  year = {2021},
  keywords = {Pruning,to read}
}

@article{lucasAnalyzingMonotonicLinear2021,
  title = {Analyzing Monotonic Linear Interpolation in Neural Network Loss Landscapes},
  author = {Lucas, James and Bae, Juhan and Zhang, Michael R. and Fort, Stanislav and Zemel, Richard S. and Grosse, Roger B.},
  year = {2021},
  journal = {CoRR},
  volume = {abs/2104.11044},
  cdate = {1609459200000},
  publtype = {informal},
  keywords = {linear interpolation,to read}
}

@article{luDepthCreatesNo2017,
  title = {Depth {{Creates No Bad Local Minima}}},
  author = {Lu, Haihao and Kawaguchi, Kenji},
  year = {2017},
  month = may,
  journal = {arXiv:1702.08580 [cs, math, stat]},
  eprint = {1702.08580},
  eprinttype = {arxiv},
  primaryclass = {cs, math, stat},
  archiveprefix = {arXiv},
  keywords = {Why no global second order}
}

@phdthesis{malialisDistributedReinforcementLearning2014,
  title = {Distributed {{Reinforcement Learning}} for {{Network Intrusion Response}}},
  author = {Malialis, Kleanthis},
  year = {2014},
  month = sep,
  copyright = {cc\_by\_nc\_nd},
  langid = {english},
  school = {University of York},
  keywords = {cybersecurity,multi-agent system,reinforcement learning}
}

@article{mandischerComparisonEvolutionStrategies2002,
  title = {A Comparison of Evolution Strategies and Backpropagation for Neural Network Training},
  author = {Mandischer, M.},
  year = {2002},
  month = jan,
  journal = {Neurocomputing},
  series = {Evolutionary Neural Systems},
  volume = {42},
  number = {1},
  pages = {87--117},
  issn = {0925-2312},
  doi = {10.1016/S0925-2312(01)00596-3},
  langid = {english}
}

@article{mandischerComparisonEvolutionStrategies2002a,
  title = {A Comparison of Evolution Strategies and Backpropagation for Neural Network Training},
  author = {Mandischer, M.},
  year = {2002},
  month = jan,
  journal = {Neurocomputing},
  series = {Evolutionary Neural Systems},
  volume = {42},
  number = {1},
  pages = {87--117},
  issn = {0925-2312},
  doi = {10.1016/S0925-2312(01)00596-3},
  langid = {english}
}

@article{mardiaMeasuresMultivariateSkewness1970,
  title = {Measures of Multivariate Skewness and Kurtosis with Applications},
  author = {MARDIA, K. V.},
  year = {1970},
  month = dec,
  journal = {Biometrika},
  volume = {57},
  number = {3},
  eprint = {https://academic.oup.com/biomet/article-pdf/57/3/519/702615/57-3-519.pdf},
  pages = {519--530},
  issn = {0006-3444},
  doi = {10.1093/biomet/57.3.519}
}

@inproceedings{martensOptimizingNeuralNetworks2015,
  title = {Optimizing {{Neural Networks}} with {{Kronecker-factored Approximate Curvature}}},
  booktitle = {International {{Conference}} on {{Machine Learning}}},
  author = {Martens, James and Grosse, Roger},
  year = {2015},
  month = jun,
  pages = {2408--2417},
  publisher = {{PMLR}},
  issn = {1938-7228},
  langid = {english},
  keywords = {neural network,second order}
}

@article{mhaskarApproximationPropertiesMultilayered1993,
  title = {Approximation Properties of a Multilayered Feedforward Artificial Neural Network},
  author = {Mhaskar, H. N.},
  year = {1993},
  month = feb,
  journal = {Advances in Computational Mathematics},
  volume = {1},
  number = {1},
  pages = {61--80},
  issn = {1572-9044},
  doi = {10.1007/BF02070821},
  langid = {english},
  keywords = {NN as universal approximators}
}

@article{mhaskarDeepVsShallow2016,
  title = {Deep vs. Shallow Networks : {{An}} Approximation Theory Perspective},
  shorttitle = {Deep vs. Shallow Networks},
  author = {Mhaskar, Hrushikesh and Poggio, Tomaso},
  year = {2016},
  month = aug,
  journal = {arXiv:1608.03287 [cs, math]},
  eprint = {1608.03287},
  eprinttype = {arxiv},
  primaryclass = {cs, math},
  archiveprefix = {arXiv},
  keywords = {NN as universal approximators}
}

@article{mnihPlayingAtariDeep2013,
  title = {Playing {{Atari}} with {{Deep Reinforcement Learning}}},
  author = {Mnih, Volodymyr and Kavukcuoglu, Koray and Silver, David and Graves, Alex and Antonoglou, Ioannis and Wierstra, Daan and Riedmiller, Martin},
  year = {2013},
  month = dec,
  journal = {arXiv:1312.5602 [cs]},
  eprint = {1312.5602},
  eprinttype = {arxiv},
  primaryclass = {cs},
  archiveprefix = {arXiv}
}

@article{mocanuScalableTrainingArtificial2018a,
  title = {Scalable Training of Artificial Neural Networks with Adaptive Sparse Connectivity Inspired by Network Science},
  author = {Mocanu, Decebal Constantin and Mocanu, Elena and Stone, Peter and Nguyen, Phuong H. and Gibescu, Madeleine and Liotta, Antonio},
  year = {2018},
  month = jun,
  journal = {Nature Communications},
  volume = {9},
  number = {1},
  pages = {2383},
  publisher = {{Nature Publishing Group}},
  issn = {2041-1723},
  doi = {10.1038/s41467-018-04316-3},
  copyright = {2018 The Author(s)},
  langid = {english},
  keywords = {dynamical sparse training}
}

@misc{molchanovPruningConvolutionalNeural2017,
  title = {Pruning {{Convolutional Neural Networks}} for {{Resource Efficient Inference}}},
  author = {Molchanov, Pavlo and Tyree, Stephen and Karras, Tero and Aila, Timo and Kautz, Jan},
  year = {2017},
  month = jun,
  number = {arXiv:1611.06440},
  eprint = {1611.06440},
  eprinttype = {arxiv},
  primaryclass = {cs, stat},
  publisher = {{arXiv}},
  doi = {10.48550/arXiv.1611.06440},
  archiveprefix = {arXiv},
  keywords = {Pruning}
}

@article{montanaTrainingFeedforwardNeural,
  title = {Training {{Feedforward Neural Networks Using Genetic Algorithms}}},
  author = {Montana, David J and Davis, Lawrence and St, Mouiton},
  pages = {6},
  langid = {english}
}

@inproceedings{morseSimpleEvolutionaryOptimization2016,
  title = {Simple {{Evolutionary Optimization Can Rival Stochastic Gradient Descent}} in {{Neural Networks}}},
  booktitle = {Proceedings of the {{Genetic}} and {{Evolutionary Computation Conference}} 2016},
  author = {Morse, Gregory and Stanley, Kenneth O.},
  year = {2016},
  month = jul,
  pages = {477--484},
  publisher = {{ACM}},
  address = {{Denver Colorado USA}},
  doi = {10.1145/2908812.2908916},
  isbn = {978-1-4503-4206-3},
  langid = {english}
}

@inproceedings{morseSimpleEvolutionaryOptimization2016a,
  title = {Simple {{Evolutionary Optimization Can Rival Stochastic Gradient Descent}} in {{Neural Networks}}},
  booktitle = {Proceedings of the {{Genetic}} and {{Evolutionary Computation Conference}} 2016},
  author = {Morse, Gregory and Stanley, Kenneth O.},
  year = {2016},
  month = jul,
  series = {{{GECCO}} '16},
  pages = {477--484},
  publisher = {{Association for Computing Machinery}},
  address = {{New York, NY, USA}},
  doi = {10.1145/2908812.2908916},
  isbn = {978-1-4503-4206-3},
  keywords = {Why ES in neural networks}
}

@article{mostafaParameterEfficientTraining2019,
  title = {Parameter {{Efficient Training}} of {{Deep Convolutional Neural Networks}} by {{Dynamic Sparse Reparameterization}}},
  author = {Mostafa, Hesham and Wang, Xin},
  year = {2019},
  month = may,
  journal = {arXiv:1902.05967 [cs, stat]},
  eprint = {1902.05967},
  eprinttype = {arxiv},
  primaryclass = {cs, stat},
  archiveprefix = {arXiv},
  keywords = {dynamical sparse training}
}

@inproceedings{mozerSkeletonizationTechniqueTrimming1988,
  title = {Skeletonization: {{A Technique}} for {{Trimming}} the {{Fat}} from a {{Network}} via {{Relevance Assessment}}},
  shorttitle = {Skeletonization},
  booktitle = {Advances in {{Neural Information Processing Systems}}},
  author = {Mozer, Michael C and Smolensky, Paul},
  year = {1988},
  volume = {1},
  publisher = {{Morgan-Kaufmann}},
  keywords = {Pruning}
}

@article{nesterovMethodSolvingConvex1983,
  title = {A Method for Solving the Convex Programming Problem with Convergence Rate {{O}}(1/K\^2)},
  author = {Nesterov, Y.},
  year = {1983},
  journal = {Proceedings of the USSR Academy of Sciences},
  volume = {269},
  pages = {543--547}
}

@inproceedings{neyshaburPathSGDPathNormalizedOptimization2015,
  title = {Path-{{SGD}}: {{Path-Normalized Optimization}} in {{Deep Neural Networks}}},
  shorttitle = {Path-{{SGD}}},
  booktitle = {Advances in {{Neural Information Processing Systems}}},
  author = {Neyshabur, Behnam and Salakhutdinov, Russ R and Srebro, Nati},
  year = {2015},
  volume = {28},
  publisher = {{Curran Associates, Inc.}},
  keywords = {neural network optimization}
}

@inproceedings{neyshaburRoleOverparametrizationGeneralization2018,
  title = {The Role of Over-Parametrization in Generalization of Neural Networks},
  booktitle = {International {{Conference}} on {{Learning Representations}}},
  author = {Neyshabur, Behnam and Li, Zhiyuan and Bhojanapalli, Srinadh and LeCun, Yann and Srebro, Nathan},
  year = {2018},
  month = sep,
  langid = {english},
  keywords = {over-parametrized neural networks}
}

@article{nguyenLossLandscapeClass2018,
  title = {On the Loss Landscape of a Class of Deep Neural Networks with No Bad Local Valleys},
  author = {Nguyen, Quynh and Mukkamala, Mahesh Chandra and Hein, Matthias},
  year = {2018},
  month = dec,
  journal = {arXiv:1809.10749 [cs, stat]},
  eprint = {1809.10749},
  eprinttype = {arxiv},
  primaryclass = {cs, stat},
  archiveprefix = {arXiv},
  keywords = {Why no global second order}
}

@incollection{nocedalTrustRegionMethods2006,
  title = {Trust-{{Region Methods}}},
  booktitle = {Numerical {{Optimization}}},
  editor = {Nocedal, Jorge and Wright, Stephen J.},
  year = {2006},
  series = {Springer {{Series}} in {{Operations Research}} and {{Financial Engineering}}},
  pages = {66--100},
  publisher = {{Springer}},
  address = {{New York, NY}},
  doi = {10.1007/978-0-387-40065-5_4},
  isbn = {978-0-387-40065-5},
  langid = {english},
  keywords = {examples}
}

@article{oordWaveNetGenerativeModel2016,
  title = {{{WaveNet}}: {{A Generative Model}} for {{Raw Audio}}},
  shorttitle = {{{WaveNet}}},
  author = {van den Oord, Aaron and Dieleman, Sander and Zen, Heiga and Simonyan, Karen and Vinyals, Oriol and Graves, Alex and Kalchbrenner, Nal and Senior, Andrew and Kavukcuoglu, Koray},
  year = {2016},
  month = sep,
  journal = {arXiv:1609.03499 [cs]},
  eprint = {1609.03499},
  eprinttype = {arxiv},
  primaryclass = {cs},
  archiveprefix = {arXiv},
  keywords = {examples}
}

@inproceedings{oordWaveNetGenerativeModel2016a,
  title = {{{WaveNet}}: {{A Generative Model}} for {{Raw Audio}}},
  shorttitle = {{{WaveNet}}},
  booktitle = {Arxiv},
  author = {van den Oord, A{\"a}ron and Dieleman, Sander and Zen, Heiga and Simonyan, Karen and Vinyals, Oriol and Graves, Alexander and Kalchbrenner, Nal and Senior, Andrew and Kavukcuoglu, Koray},
  year = {2016}
}

@misc{OptimizingNeuralNetworks,
  title = {Optimizing Neural Networks with {{Kronecker-factored}} Approximate Curvature | {{Proceedings}} of the 32nd {{International Conference}} on {{International Conference}} on {{Machine Learning}} - {{Volume}} 37},
  howpublished = {https://dl.acm.org/doi/10.5555/3045118.3045374}
}

@inproceedings{orhanSkipConnectionsEliminate2018,
  title = {Skip {{Connections Eliminate Singularities}}},
  booktitle = {International {{Conference}} on {{Learning Representations}}},
  author = {Orhan, Emin and Pitkow, Xaq},
  year = {2018},
  month = feb,
  langid = {english},
  keywords = {skip connections}
}

@article{orhanSkipConnectionsEliminate2018a,
  title = {Skip {{Connections Eliminate Singularities}}},
  author = {Orhan, A. Emin and Pitkow, Xaq},
  year = {2018},
  month = mar,
  journal = {arXiv:1701.09175 [cs]},
  eprint = {1701.09175},
  eprinttype = {arxiv},
  primaryclass = {cs},
  archiveprefix = {arXiv}
}

@inproceedings{osawaLargeScaleDistributedSecondOrder2019a,
  title = {Large-{{Scale Distributed Second-Order Optimization Using Kronecker-Factored Approximate Curvature}} for {{Deep Convolutional Neural Networks}}},
  booktitle = {2019 {{IEEE}}/{{CVF Conference}} on {{Computer Vision}} and {{Pattern Recognition}} ({{CVPR}})},
  author = {Osawa, Kazuki and Tsuji, Yohei and Ueno, Yuichiro and Naruse, Akira and Yokota, Rio and Matsuoka, Satoshi},
  year = {2019},
  month = jun,
  pages = {12351--12359},
  issn = {2575-7075},
  doi = {10.1109/CVPR.2019.01264}
}

@article{panditLearningSparseNeural2022a,
  title = {Learning {{Sparse Neural Networks Using Non-Convex Regularization}}},
  author = {Pandit, Mohammad Khalid and Naaz, Roohie and Chishti, Mohammad Ahsan},
  year = {2022},
  month = apr,
  journal = {IEEE Transactions on Emerging Topics in Computational Intelligence},
  volume = {6},
  number = {2},
  pages = {287--299},
  issn = {2471-285X},
  doi = {10.1109/TETCI.2021.3058672},
  keywords = {gradients training,Sobolev training}
}

@misc{papyanMeasurementsThreeLevelHierarchical2019,
  title = {Measurements of {{Three-Level Hierarchical Structure}} in the {{Outliers}} in the {{Spectrum}} of {{Deepnet Hessians}}},
  author = {Papyan, Vardan},
  year = {2019},
  month = jan,
  number = {arXiv:1901.08244},
  eprint = {1901.08244},
  eprinttype = {arxiv},
  primaryclass = {cs, stat},
  publisher = {{arXiv}},
  doi = {10.48550/arXiv.1901.08244},
  archiveprefix = {arXiv},
  keywords = {eigenvalues,Hessian,second order}
}

@incollection{paszkePyTorchImperativeStyle2019,
  title = {{{PyTorch}}: {{An}} Imperative Style, High-Performance Deep Learning Library},
  booktitle = {Advances in Neural Information Processing Systems 32},
  author = {Paszke, Adam and Gross, Sam and Massa, Francisco and Lerer, Adam and Bradbury, James and Chanan, Gregory and Killeen, Trevor and Lin, Zeming and Gimelshein, Natalia and Antiga, Luca and Desmaison, Alban and Kopf, Andreas and Yang, Edward and DeVito, Zachary and Raison, Martin and Tejani, Alykhan and Chilamkurthy, Sasank and Steiner, Benoit and Fang, Lu and Bai, Junjie and Chintala, Soumith},
  editor = {Wallach, H. and Larochelle, H. and Beygelzimer, A. and {dAlch{\'e}-Buc}, F. and Fox, E. and Garnett, R.},
  year = {2019},
  pages = {8024--8035},
  publisher = {{Curran Associates, Inc.}}
}

@article{phamMetaPseudoLabels2021,
  title = {Meta {{Pseudo Labels}}},
  author = {Pham, Hieu and Dai, Zihang and Xie, Qizhe and Luong, Minh-Thang and Le, Quoc V.},
  year = {2021},
  month = mar,
  journal = {arXiv:2003.10580 [cs, stat]},
  eprint = {2003.10580},
  eprinttype = {arxiv},
  primaryclass = {cs, stat},
  archiveprefix = {arXiv},
  keywords = {Destilling Networks,small networks}
}

@article{poggioLossLandscapeSGD,
  title = {Loss Landscape: {{SGD}} Has a Better View},
  author = {Poggio, Tomaso and Cooper, Yaim},
  pages = {6},
  langid = {english},
  keywords = {to read}
}

@article{polyakMethodsSpeedingConvergence1964,
  title = {Some Methods of Speeding up the Convergence of Iteration Methods},
  author = {Polyak, B. T.},
  year = {1964},
  month = jan,
  journal = {USSR Computational Mathematics and Mathematical Physics},
  volume = {4},
  number = {5},
  pages = {1--17},
  issn = {0041-5553},
  doi = {10.1016/0041-5553(64)90137-5},
  langid = {english}
}

@article{pourchotCEMRLCombiningEvolutionary2019,
  title = {{{CEM-RL}}: {{Combining}} Evolutionary and Gradient-Based Methods for Policy Search},
  shorttitle = {{{CEM-RL}}},
  author = {Pourchot, Alo{\"i}s and Sigaud, Olivier},
  year = {2019},
  month = feb,
  journal = {arXiv:1810.01222 [cs, stat]},
  eprint = {1810.01222},
  eprinttype = {arxiv},
  primaryclass = {cs, stat},
  archiveprefix = {arXiv}
}

@article{pukrittayakameePracticalTrainingFramework2011,
  title = {Practical {{Training Framework}} for {{Fitting}} a {{Function}} and {{Its Derivatives}}},
  author = {Pukrittayakamee, Arjpolson and Hagan, Martin and Raff, Lionel and Bukkapatnam, Satish T. S. and Komanduri, Ranga},
  year = {2011},
  month = jun,
  journal = {IEEE Transactions on Neural Networks},
  volume = {22},
  number = {6},
  pages = {936--947},
  issn = {1941-0093},
  doi = {10.1109/TNN.2011.2128344},
  keywords = {derivatives learning,Pruning,Sobolev training}
}

@article{qianDerivativeFreeReinforcementLearning2021,
  title = {Derivative-{{Free Reinforcement Learning}}: {{A Review}}},
  shorttitle = {Derivative-{{Free Reinforcement Learning}}},
  author = {Qian, Hong and Yu, Yang},
  year = {2021},
  month = feb,
  journal = {arXiv:2102.05710 [cs]},
  eprint = {2102.05710},
  eprinttype = {arxiv},
  primaryclass = {cs},
  doi = {10.1007/s11704-020-0241-4},
  archiveprefix = {arXiv},
  keywords = {Neuroevolution,Why ES in neural networks}
}

@misc{quProductbasedNeuralNetworks2016,
  title = {Product-Based {{Neural Networks}} for {{User Response Prediction}}},
  author = {Qu, Yanru and Cai, Han and Ren, Kan and Zhang, Weinan and Yu, Yong and Wen, Ying and Wang, Jun},
  year = {2016},
  month = nov,
  number = {arXiv:1611.00144},
  eprint = {1611.00144},
  eprinttype = {arxiv},
  primaryclass = {cs},
  publisher = {{arXiv}},
  doi = {10.48550/arXiv.1611.00144},
  archiveprefix = {arXiv},
  keywords = {click through prediction,feature interaction}
}

@article{rajbhandariZeROMemoryOptimizations2020,
  title = {{{ZeRO}}: {{Memory Optimizations Toward Training Trillion Parameter Models}}},
  shorttitle = {{{ZeRO}}},
  author = {Rajbhandari, Samyam and Rasley, Jeff and Ruwase, Olatunji and He, Yuxiong},
  year = {2020},
  month = may,
  langid = {american}
}

@misc{rajpurkarSQuAD1000002016,
  title = {{{SQuAD}}: 100,000+ {{Questions}} for {{Machine Comprehension}} of {{Text}}},
  shorttitle = {{{SQuAD}}},
  author = {Rajpurkar, Pranav and Zhang, Jian and Lopyrev, Konstantin and Liang, Percy},
  year = {2016},
  month = oct,
  number = {arXiv:1606.05250},
  eprint = {1606.05250},
  eprinttype = {arxiv},
  primaryclass = {cs},
  publisher = {{arXiv}},
  doi = {10.48550/arXiv.1606.05250},
  archiveprefix = {arXiv},
  keywords = {NLP,question answering}
}

@article{ramachandranSearchingActivationFunctions2017,
  title = {Searching for {{Activation Functions}}},
  author = {Ramachandran, Prajit and Zoph, Barret and Le, Quoc V.},
  year = {2017},
  month = oct,
  journal = {arXiv:1710.05941 [cs]},
  eprint = {1710.05941},
  eprinttype = {arxiv},
  primaryclass = {cs},
  archiveprefix = {arXiv}
}

@article{reedPruningAlgorithmsaSurvey1993,
  title = {Pruning Algorithms-a Survey},
  author = {Reed, R.},
  year = {1993},
  month = sep,
  journal = {IEEE Transactions on Neural Networks},
  volume = {4},
  number = {5},
  pages = {740--747},
  issn = {1941-0093},
  doi = {10.1109/72.248452},
  keywords = {examples,Pruning}
}

@inproceedings{rendaComparingRewindingFinetuning2020,
  title = {Comparing Rewinding and Fine-Tuning in Neural Network Pruning},
  booktitle = {International Conference on Learning Representations},
  author = {Renda, Alex and Frankle, Jonathan and Carbin, Michael},
  year = {2020}
}

@inproceedings{roAutoLRLayerwisePruning2021,
  title = {{{AutoLR}}: {{Layer-wise}} Pruning and Auto-Tuning of Learning Rates in Fine-Tuning of Deep Networks},
  booktitle = {Proceedings of the {{AAAI}} Conference on Artificial Intelligence},
  author = {Ro, Youngmin and Choi, Jin Young},
  year = {2021},
  volume = {35},
  pages = {2486--2494},
  keywords = {Pruning}
}

@article{robbinsStochasticApproximationMethod1951,
  title = {A {{Stochastic Approximation Method}}},
  author = {Robbins, Herbert and Monro, Sutton},
  year = {1951},
  month = sep,
  journal = {The Annals of Mathematical Statistics},
  volume = {22},
  number = {3},
  pages = {400--407},
  publisher = {{Institute of Mathematical Statistics}},
  issn = {0003-4851, 2168-8990},
  doi = {10.1214/aoms/1177729586},
  keywords = {examples}
}

@inproceedings{rochaEvolutionaryNeuralNetwork2003,
  title = {Evolutionary {{Neural Network Learning}}},
  booktitle = {Progress in {{Artificial Intelligence}}},
  author = {Rocha, Miguel and Cortez, Paulo and Neves, Jos{\'e}},
  editor = {Pires, Fernando Moura and Abreu, Salvador},
  year = {2003},
  series = {Lecture {{Notes}} in {{Computer Science}}},
  pages = {24--28},
  publisher = {{Springer}},
  address = {{Berlin, Heidelberg}},
  doi = {10.1007/978-3-540-24580-3_10},
  isbn = {978-3-540-24580-3},
  langid = {english}
}

@article{rumelhartLearningRepresentationsBackpropagating1986,
  title = {Learning Representations by Back-Propagating Errors},
  author = {Rumelhart, David E. and Hinton, Geoffrey E. and Williams, Ronald J.},
  year = {1986},
  month = oct,
  journal = {Nature},
  volume = {323},
  number = {6088},
  pages = {533--536},
  publisher = {{Nature Publishing Group}},
  issn = {1476-4687},
  doi = {10.1038/323533a0},
  copyright = {1986 Nature Publishing Group},
  langid = {english},
  annotation = {Bandiera\_abtest: a Cg\_type: Nature Research Journals Primary\_atype: Research}
}

@article{sagunEigenvaluesHessianDeep2016,
  title = {Eigenvalues of the {{Hessian}} in {{Deep Learning}}: {{Singularity}} and {{Beyond}}},
  shorttitle = {Eigenvalues of the {{Hessian}} in {{Deep Learning}}},
  author = {Sagun, Levent and Bottou, Leon and LeCun, Yann},
  year = {2016},
  month = nov,
  langid = {english},
  keywords = {to read}
}

@article{sagunEmpiricalAnalysisHessian2018,
  title = {Empirical {{Analysis}} of the {{Hessian}} of {{Over-Parametrized Neural Networks}}},
  author = {Sagun, Levent and Evci, Utku and Guney, V. Ugur and Dauphin, Yann and Bottou, Leon},
  year = {2018},
  month = may,
  journal = {arXiv:1706.04454 [cs]},
  eprint = {1706.04454},
  eprinttype = {arxiv},
  primaryclass = {cs},
  archiveprefix = {arXiv},
  keywords = {bulk vs outliers,read}
}

@article{salimansEvolutionStrategiesScalable2017,
  title = {Evolution {{Strategies}} as a {{Scalable Alternative}} to {{Reinforcement Learning}}},
  author = {Salimans, Tim and Ho, Jonathan and Chen, Xi and Sidor, Szymon and Sutskever, Ilya},
  year = {2017},
  month = sep,
  journal = {arXiv:1703.03864 [cs, stat]},
  eprint = {1703.03864},
  eprinttype = {arxiv},
  primaryclass = {cs, stat},
  archiveprefix = {arXiv},
  keywords = {RL and neuroevolution,Why ES in neural networks}
}

@article{sandlerMobileNetV2InvertedResiduals2019,
  title = {{{MobileNetV2}}: {{Inverted Residuals}} and {{Linear Bottlenecks}}},
  shorttitle = {{{MobileNetV2}}},
  author = {Sandler, Mark and Howard, Andrew and Zhu, Menglong and Zhmoginov, Andrey and Chen, Liang-Chieh},
  year = {2019},
  month = mar,
  journal = {arXiv:1801.04381 [cs]},
  eprint = {1801.04381},
  eprinttype = {arxiv},
  primaryclass = {cs},
  archiveprefix = {arXiv},
  keywords = {Inverted Conv Block,small networks}
}

@article{saxeExactSolutionsNonlinear2014,
  title = {Exact Solutions to the Nonlinear Dynamics of Learning in Deep Linear Neural Networks},
  author = {Saxe, Andrew M. and McClelland, James L. and Ganguli, Surya},
  year = {2014},
  month = feb,
  journal = {arXiv:1312.6120 [cond-mat, q-bio, stat]},
  eprint = {1312.6120},
  eprinttype = {arxiv},
  primaryclass = {cond-mat, q-bio, stat},
  archiveprefix = {arXiv},
  keywords = {Dynamics of Learning,small networks}
}

@article{schwartzGreenAI2019,
  title = {Green {{AI}}},
  author = {Schwartz, Roy and Dodge, Jesse and Smith, Noah A. and Etzioni, Oren},
  year = {2019},
  month = aug,
  journal = {arXiv:1907.10597 [cs, stat]},
  eprint = {1907.10597},
  eprinttype = {arxiv},
  primaryclass = {cs, stat},
  archiveprefix = {arXiv},
  keywords = {to read}
}

@inproceedings{senerLearningGuideRandom2020,
  title = {Learning to {{Guide Random Search}}},
  booktitle = {International {{Conference}} on {{Learning Representations}}},
  author = {Sener, Ozan and Koltun, Vladlen},
  year = {2020},
  month = mar,
  langid = {english},
  keywords = {Evolution strategy,Neuroevolution}
}

@article{seniorImprovedProteinStructure2020,
  title = {Improved Protein Structure Prediction Using Potentials from Deep Learning},
  author = {Senior, Andrew W. and Evans, Richard and Jumper, John and Kirkpatrick, James and Sifre, Laurent and Green, Tim and Qin, Chongli and {\v Z}{\'i}dek, Augustin and Nelson, Alexander W. R. and Bridgland, Alex and Penedones, Hugo and Petersen, Stig and Simonyan, Karen and Crossan, Steve and Kohli, Pushmeet and Jones, David T. and Silver, David and Kavukcuoglu, Koray and Hassabis, Demis},
  year = {2020},
  month = jan,
  journal = {Nature},
  volume = {577},
  number = {7792},
  pages = {706--710},
  publisher = {{Nature Publishing Group}},
  issn = {1476-4687},
  doi = {10.1038/s41586-019-1923-7},
  copyright = {2020 The Author(s), under exclusive licence to Springer Nature Limited},
  langid = {english},
  keywords = {examples},
  annotation = {Primary\_atype: Research Subject\_term: Machine learning;Protein structure predictions Subject\_term\_id: machine-learning;protein-structure-predictions}
}

@inproceedings{shepanskiTeachingArtificialNeural1988,
  title = {Teaching {{Artificial Neural Systems}} to {{Drive}}: {{Manual Training Techniques}} for {{Autonomous Systems}}},
  shorttitle = {Teaching {{Artificial Neural Systems}} to {{Drive}}},
  booktitle = {Neural {{Information Processing Systems}}},
  author = {Shepanski, J. F. and Macy, S. A.},
  editor = {Anderson, D.},
  year = {1988},
  publisher = {{American Institute of Physics}}
}

@misc{shresthaOccamNetsMitigatingDataset2022,
  title = {{{OccamNets}}: {{Mitigating Dataset Bias}} by {{Favoring Simpler Hypotheses}}},
  shorttitle = {{{OccamNets}}},
  author = {Shrestha, Robik and Kafle, Kushal and Kanan, Christopher},
  year = {2022},
  month = jul,
  number = {arXiv:2204.02426},
  eprint = {2204.02426},
  eprinttype = {arxiv},
  primaryclass = {cs},
  publisher = {{arXiv}},
  doi = {10.48550/arXiv.2204.02426},
  archiveprefix = {arXiv},
  keywords = {Pruning,small networks,System1-System2}
}

@inproceedings{siebelEfficientNeuralNetwork2009,
  title = {Efficient Neural Network Pruning during Neuro-Evolution},
  booktitle = {2009 {{International Joint Conference}} on {{Neural Networks}}},
  author = {Siebel, Nils T. and Botel, Jonas and Sommer, Gerald},
  year = {2009},
  month = jun,
  pages = {2920--2927},
  issn = {2161-4407},
  doi = {10.1109/IJCNN.2009.5179035},
  keywords = {Pruning,reinforcement learning}
}

@article{silverMasteringGameGo2016,
  title = {Mastering the Game of {{Go}} with Deep Neural Networks and Tree Search},
  author = {Silver, David and Huang, Aja and Maddison, Chris J. and Guez, Arthur and Sifre, Laurent and {van den Driessche}, George and Schrittwieser, Julian and Antonoglou, Ioannis and Panneershelvam, Veda and Lanctot, Marc and Dieleman, Sander and Grewe, Dominik and Nham, John and Kalchbrenner, Nal and Sutskever, Ilya and Lillicrap, Timothy and Leach, Madeleine and Kavukcuoglu, Koray and Graepel, Thore and Hassabis, Demis},
  year = {2016},
  month = jan,
  journal = {Nature},
  volume = {529},
  number = {7587},
  pages = {484--489},
  publisher = {{Nature Publishing Group}},
  issn = {1476-4687},
  doi = {10.1038/nature16961},
  copyright = {2016 Nature Publishing Group, a division of Macmillan Publishers Limited. All Rights Reserved.},
  langid = {english},
  keywords = {examples},
  annotation = {Bandiera\_abtest: a Cg\_type: Nature Research Journals Primary\_atype: Research Subject\_term: Computational science;Computer science;Reward Subject\_term\_id: computational-science;computer-science;reward}
}

@article{simonyanVeryDeepConvolutional2015,
  title = {Very {{Deep Convolutional Networks}} for {{Large-Scale Image Recognition}}},
  author = {Simonyan, Karen and Zisserman, Andrew},
  year = {2015},
  month = apr,
  journal = {arXiv:1409.1556 [cs]},
  eprint = {1409.1556},
  eprinttype = {arxiv},
  primaryclass = {cs},
  archiveprefix = {arXiv}
}

@inproceedings{singhWoodFisherEfficientSecondOrder2020,
  title = {{{WoodFisher}}: {{Efficient Second-Order Approximation}} for {{Neural Network Compression}}},
  shorttitle = {{{WoodFisher}}},
  booktitle = {Advances in {{Neural Information Processing Systems}}},
  author = {Singh, Sidak Pal and Alistarh, Dan},
  year = {2020},
  volume = {33},
  pages = {18098--18109},
  publisher = {{Curran Associates, Inc.}},
  keywords = {Neural Magic,Pruning}
}

@inproceedings{soEvolvedTransformer2019,
  title = {The {{Evolved Transformer}}},
  booktitle = {International {{Conference}} on {{Machine Learning}}},
  author = {So, David and Le, Quoc and Liang, Chen},
  year = {2019},
  month = may,
  pages = {5877--5886},
  publisher = {{PMLR}},
  issn = {2640-3498},
  langid = {english},
  keywords = {Interactions,small networks}
}

@misc{sokarDynamicSparseTraining2022,
  title = {Dynamic {{Sparse Training}} for {{Deep Reinforcement Learning}}},
  author = {Sokar, Ghada and Mocanu, Elena and Mocanu, Decebal Constantin and Pechenizkiy, Mykola and Stone, Peter},
  year = {2022},
  month = may,
  number = {arXiv:2106.04217},
  eprint = {2106.04217},
  eprinttype = {arxiv},
  primaryclass = {cs},
  publisher = {{arXiv}},
  doi = {10.48550/arXiv.2106.04217},
  archiveprefix = {arXiv},
  keywords = {dynamical sparse training,Pruning,reinforcement learning}
}

@article{sokolicRobustLargeMargin2017,
  title = {Robust Large Margin Deep Neural Networks},
  author = {Sokoli{\'c}, Jure and Giryes, Raja and Sapiro, Guillermo and Rodrigues, Miguel RD},
  year = {2017},
  journal = {IEEE Transactions on Signal Processing},
  volume = {65},
  number = {16},
  pages = {4265--4280},
  publisher = {{IEEE}},
  keywords = {large margin neural networks,Sobolev training}
}

@article{soltanolkotabiTheoreticalInsightsOptimization2019,
  title = {Theoretical {{Insights Into}} the {{Optimization Landscape}} of {{Over-Parameterized Shallow Neural Networks}}},
  author = {Soltanolkotabi, Mahdi and Javanmard, Adel and Lee, Jason D.},
  year = {2019},
  month = feb,
  journal = {IEEE Transactions on Information Theory},
  volume = {65},
  number = {2},
  pages = {742--769},
  issn = {1557-9654},
  doi = {10.1109/TIT.2018.2854560},
  keywords = {Loss Landscape,small networks}
}

@inproceedings{songAutoIntAutomaticFeature2019,
  title = {{{AutoInt}}: {{Automatic Feature Interaction Learning}} via {{Self-Attentive Neural Networks}}},
  shorttitle = {{{AutoInt}}},
  booktitle = {Proceedings of the 28th {{ACM International Conference}} on {{Information}} and {{Knowledge Management}}},
  author = {Song, Weiping and Shi, Chence and Xiao, Zhiping and Duan, Zhijian and Xu, Yewen and Zhang, Ming and Tang, Jian},
  year = {2019},
  month = nov,
  eprint = {1810.11921},
  eprinttype = {arxiv},
  primaryclass = {cs},
  pages = {1161--1170},
  doi = {10.1145/3357384.3357925},
  archiveprefix = {arXiv},
  keywords = {click through prediction,feature interaction}
}

@misc{SpectralPruningFully,
  title = {Spectral Pruning of Fully Connected Layers | {{Scientific Reports}}},
  howpublished = {https://www.nature.com/articles/s41598-022-14805-7},
  keywords = {Pruning,second order}
}

@article{srivastavaDropoutSimpleWay2014,
  title = {Dropout: {{A Simple Way}} to {{Prevent Neural Networks}} from {{Overfitting}}},
  shorttitle = {Dropout},
  author = {Srivastava, Nitish and Hinton, Geoffrey and Krizhevsky, Alex and Sutskever, Ilya and Salakhutdinov, Ruslan},
  year = {2014},
  journal = {Journal of Machine Learning Research},
  volume = {15},
  number = {56},
  pages = {1929--1958},
  issn = {1533-7928},
  keywords = {examples}
}

@article{stanleyDesigningNeuralNetworks2019,
  title = {Designing Neural Networks through Neuroevolution},
  author = {Stanley, Kenneth O. and Clune, Jeff and Lehman, Joel and Miikkulainen, Risto},
  year = {2019},
  month = jan,
  journal = {Nature Machine Intelligence},
  volume = {1},
  number = {1},
  pages = {24--35},
  publisher = {{Nature Publishing Group}},
  issn = {2522-5839},
  doi = {10.1038/s42256-018-0006-z},
  copyright = {2019 Springer Nature Limited},
  langid = {english},
  keywords = {Neuroevolution}
}

@article{strubellEnergyPolicyConsiderations2020,
  title = {Energy and {{Policy Considerations}} for {{Modern Deep Learning Research}}},
  author = {Strubell, Emma and Ganesh, Ananya and McCallum, Andrew},
  year = {2020},
  month = apr,
  journal = {Proceedings of the AAAI Conference on Artificial Intelligence},
  volume = {34},
  number = {09},
  pages = {13693--13696},
  issn = {2374-3468},
  doi = {10.1609/aaai.v34i09.7123},
  copyright = {Copyright (c) 2020 Association for the Advancement of Artificial Intelligence},
  langid = {english}
}

@article{strubellEnergyPolicyConsiderations2020a,
  title = {Energy and {{Policy Considerations}} for {{Modern Deep Learning Research}}},
  author = {Strubell, Emma and Ganesh, Ananya and McCallum, Andrew},
  year = {2020},
  month = apr,
  journal = {Proceedings of the AAAI Conference on Artificial Intelligence},
  volume = {34},
  number = {09},
  pages = {13693--13696},
  issn = {2374-3468},
  doi = {10.1609/aaai.v34i09.7123},
  copyright = {Copyright (c) 2020 Association for the Advancement of Artificial Intelligence},
  langid = {english},
  keywords = {AI,Pruning}
}

@article{suchDeepNeuroevolutionGenetic2018,
  title = {Deep {{Neuroevolution}}: {{Genetic Algorithms Are}} a {{Competitive Alternative}} for {{Training Deep Neural Networks}} for {{Reinforcement Learning}}},
  shorttitle = {Deep {{Neuroevolution}}},
  author = {Such, Felipe Petroski and Madhavan, Vashisht and Conti, Edoardo and Lehman, Joel and Stanley, Kenneth O. and Clune, Jeff},
  year = {2018},
  month = apr,
  journal = {arXiv:1712.06567 [cs]},
  eprint = {1712.06567},
  eprinttype = {arxiv},
  primaryclass = {cs},
  archiveprefix = {arXiv},
  keywords = {RL and neuroevolution,Why ES in neural networks}
}

@article{sunBoostingAntColony2022,
  title = {Boosting Ant Colony Optimization via Solution Prediction and Machine Learning},
  author = {Sun, Yuan and Wang, Sheng and Shen, Yunzhuang and Li, Xiaodong and Ernst, Andreas T and Kirley, Michael},
  year = {2022},
  journal = {Computers \& Operations Research},
  volume = {143},
  pages = {105769},
  publisher = {{Elsevier}},
  keywords = {learning in optimization}
}

@article{sunUsingStatisticalMeasures2021,
  title = {Using {{Statistical Measures}} and {{Machine Learning}} for {{Graph Reduction}} to {{Solve Maximum Weight Clique Problems}}},
  author = {Sun, Yuan and Li, Xiaodong and Ernst, Andreas},
  year = {2021},
  month = may,
  journal = {IEEE Transactions on Pattern Analysis and Machine Intelligence},
  volume = {43},
  number = {5},
  pages = {1746--1760},
  issn = {1939-3539},
  doi = {10.1109/TPAMI.2019.2954827}
}

@inproceedings{sutskeverImportanceInitializationMomentum2013,
  title = {On the Importance of Initialization and Momentum in Deep Learning},
  booktitle = {International Conference on Machine Learning},
  author = {Sutskever, Ilya and Martens, James and Dahl, George and Hinton, Geoffrey},
  year = {2013},
  pages = {1139--1147},
  publisher = {{PMLR}}
}

@inproceedings{tanakaPruningNeuralNetworks2020a,
  title = {Pruning Neural Networks without Any Data by Iteratively Conserving Synaptic Flow},
  booktitle = {Advances in Neural Information Processing Systems},
  author = {Tanaka, Hidenori and Kunin, Daniel and Yamins, Daniel L and Ganguli, Surya},
  editor = {Larochelle, H. and Ranzato, M. and Hadsell, R. and Balcan, M. F. and Lin, H.},
  year = {2020},
  volume = {33},
  pages = {6377--6389},
  publisher = {{Curran Associates, Inc.}},
  keywords = {Interactions,Pruning,small networks}
}

@inproceedings{tanEfficientNetRethinkingModel2019,
  title = {{{EfficientNet}}: {{Rethinking Model Scaling}} for {{Convolutional Neural Networks}}},
  shorttitle = {{{EfficientNet}}},
  booktitle = {Proceedings of the 36th {{International Conference}} on {{Machine Learning}}},
  author = {Tan, Mingxing and Le, Quoc},
  year = {2019},
  month = may,
  pages = {6105--6114},
  publisher = {{PMLR}},
  issn = {2640-3498},
  langid = {english},
  keywords = {example,small networks}
}

@article{tanReviewSecondorderOptimization2019,
  title = {Review of Second-Order Optimization Techniques in Artificial Neural Networks Backpropagation},
  author = {Tan, Hong Hui and Lim, King Hann},
  year = {2019},
  month = jun,
  journal = {IOP Conference Series: Materials Science and Engineering},
  volume = {495},
  pages = {012003},
  publisher = {{IOP Publishing}},
  issn = {1757-899X},
  doi = {10.1088/1757-899X/495/1/012003},
  langid = {english}
}

@article{thompsonComputationalLimitsDeep2020,
  title = {The {{Computational Limits}} of {{Deep Learning}}},
  author = {Thompson, Neil C. and Greenewald, Kristjan and Lee, Keeheon and Manso, Gabriel F.},
  year = {2020},
  month = jul,
  journal = {arXiv:2007.05558 [cs, stat]},
  eprint = {2007.05558},
  eprinttype = {arxiv},
  primaryclass = {cs, stat},
  archiveprefix = {arXiv},
  keywords = {small networks}
}

@techreport{thompsonDeclineComputersGeneral2018,
  type = {{{SSRN Scholarly Paper}}},
  title = {The {{Decline}} of {{Computers As}} a {{General Purpose Technology}}: {{Why Deep Learning}} and the {{End}} of {{Moore}}'s {{Law}} Are {{Fragmenting Computing}}},
  shorttitle = {The {{Decline}} of {{Computers As}} a {{General Purpose Technology}}},
  author = {Thompson, Neil and Spanuth, Svenja},
  year = {2018},
  month = nov,
  number = {ID 3287769},
  address = {{Rochester, NY}},
  institution = {{Social Science Research Network}},
  doi = {10.2139/ssrn.3287769},
  langid = {english},
  keywords = {to read}
}

@article{tolstikhinMLPMixerAllMLPArchitecture2021,
  title = {{{MLP-Mixer}}: {{An}} All-{{MLP Architecture}} for {{Vision}}},
  shorttitle = {{{MLP-Mixer}}},
  author = {Tolstikhin, Ilya and Houlsby, Neil and Kolesnikov, Alexander and Beyer, Lucas and Zhai, Xiaohua and Unterthiner, Thomas and Yung, Jessica and Steiner, Andreas and Keysers, Daniel and Uszkoreit, Jakob and Lucic, Mario and Dosovitskiy, Alexey},
  year = {2021},
  month = jun,
  journal = {arXiv:2105.01601 [cs]},
  eprint = {2105.01601},
  eprinttype = {arxiv},
  primaryclass = {cs},
  archiveprefix = {arXiv},
  keywords = {Interactions}
}

@misc{tripathiRSOGradientFree2020,
  title = {{{RSO}}: {{A Gradient Free Sampling Based Approach For Training Deep Neural Networks}}},
  shorttitle = {{{RSO}}},
  author = {Tripathi, Rohun and Singh, Bharat},
  year = {2020},
  month = may,
  number = {arXiv:2005.05955},
  eprint = {2005.05955},
  eprinttype = {arxiv},
  primaryclass = {cs, stat},
  publisher = {{arXiv}},
  doi = {10.48550/arXiv.2005.05955},
  archiveprefix = {arXiv},
  keywords = {possible improvement}
}

@article{vargaGradientRegularizationImproves2018,
  title = {Gradient {{Regularization Improves Accuracy}} of {{Discriminative Models}}},
  author = {Varga, D{\'a}niel and Csisz{\'a}rik, Adri{\'a}n and Zombori, Zsolt},
  year = {2018},
  month = jun,
  journal = {Schedae Informaticae},
  volume = {2018},
  number = {Volume 27},
  pages = {31--45},
  publisher = {{Portal Czasopism Naukowych Ejournals.eu}},
  issn = {2083-8476},
  doi = {10.4467/20838476SI.18.003.10408},
  langid = {english},
  keywords = {gradients training,Sobolev training}
}

@inproceedings{vaswaniAttentionAllYou2017a,
  title = {Attention Is {{All}} You {{Need}}},
  booktitle = {Advances in {{Neural Information Processing Systems}}},
  author = {Vaswani, Ashish and Shazeer, Noam and Parmar, Niki and Uszkoreit, Jakob and Jones, Llion and Gomez, Aidan N and Kaiser, {\L}ukasz and Polosukhin, Illia},
  year = {2017},
  volume = {30},
  publisher = {{Curran Associates, Inc.}}
}

@article{vinyalsGrandmasterLevelStarCraft2019,
  title = {Grandmaster Level in {{StarCraft II}} Using Multi-Agent Reinforcement Learning},
  author = {Vinyals, Oriol and Babuschkin, Igor and Czarnecki, Wojciech M. and Mathieu, Micha{\"e}l and Dudzik, Andrew and Chung, Junyoung and Choi, David H. and Powell, Richard and Ewalds, Timo and Georgiev, Petko and Oh, Junhyuk and Horgan, Dan and Kroiss, Manuel and Danihelka, Ivo and Huang, Aja and Sifre, Laurent and Cai, Trevor and Agapiou, John P. and Jaderberg, Max and Vezhnevets, Alexander S. and Leblond, R{\'e}mi and Pohlen, Tobias and Dalibard, Valentin and Budden, David and Sulsky, Yury and Molloy, James and Paine, Tom L. and Gulcehre, Caglar and Wang, Ziyu and Pfaff, Tobias and Wu, Yuhuai and Ring, Roman and Yogatama, Dani and W{\"u}nsch, Dario and McKinney, Katrina and Smith, Oliver and Schaul, Tom and Lillicrap, Timothy and Kavukcuoglu, Koray and Hassabis, Demis and Apps, Chris and Silver, David},
  year = {2019},
  month = nov,
  journal = {Nature},
  volume = {575},
  number = {7782},
  pages = {350--354},
  publisher = {{Nature Publishing Group}},
  issn = {1476-4687},
  doi = {10.1038/s41586-019-1724-z},
  copyright = {2019 The Author(s), under exclusive licence to Springer Nature Limited},
  langid = {english},
  keywords = {examples},
  annotation = {Primary\_atype: Research Subject\_term: Computer science;Statistics Subject\_term\_id: computer-science;statistics}
}

@article{vinyalsGrandmasterLevelStarCraft2019a,
  title = {Grandmaster Level in {{StarCraft II}} Using Multi-Agent Reinforcement Learning},
  author = {Vinyals, Oriol and Babuschkin, Igor and Czarnecki, Wojciech M. and Mathieu, Micha{\"e}l and Dudzik, Andrew and Chung, Junyoung and Choi, David H. and Powell, Richard and Ewalds, Timo and Georgiev, Petko and Oh, Junhyuk and Horgan, Dan and Kroiss, Manuel and Danihelka, Ivo and Huang, Aja and Sifre, Laurent and Cai, Trevor and Agapiou, John P. and Jaderberg, Max and Vezhnevets, Alexander S. and Leblond, R{\'e}mi and Pohlen, Tobias and Dalibard, Valentin and Budden, David and Sulsky, Yury and Molloy, James and Paine, Tom L. and Gulcehre, Caglar and Wang, Ziyu and Pfaff, Tobias and Wu, Yuhuai and Ring, Roman and Yogatama, Dani and W{\"u}nsch, Dario and McKinney, Katrina and Smith, Oliver and Schaul, Tom and Lillicrap, Timothy and Kavukcuoglu, Koray and Hassabis, Demis and Apps, Chris and Silver, David},
  year = {2019},
  month = nov,
  journal = {Nature},
  volume = {575},
  number = {7782},
  pages = {350--354},
  publisher = {{Nature Publishing Group}},
  issn = {1476-4687},
  doi = {10.1038/s41586-019-1724-z},
  copyright = {2019 The Author(s), under exclusive licence to Springer Nature Limited},
  langid = {english},
  annotation = {Primary\_atype: Research Subject\_term: Computer science;Statistics Subject\_term\_id: computer-science;statistics}
}

@article{vlaarWhatCanLinear2022,
  title = {What Can Linear Interpolation of Neural Network Loss Landscapes Tell Us?},
  author = {Vlaar, Tiffany and Frankle, Jonathan},
  year = {2022},
  month = feb,
  journal = {arXiv:2106.16004 [cs, stat]},
  eprint = {2106.16004},
  eprinttype = {arxiv},
  primaryclass = {cs, stat},
  archiveprefix = {arXiv},
  keywords = {linear interpolation,read,to read}
}

@article{vysogoretsConnectivityMattersNeural2021,
  title = {Connectivity {{Matters}}: {{Neural Network Pruning Through}} the {{Lens}} of {{Effective Sparsity}}},
  shorttitle = {Connectivity {{Matters}}},
  author = {Vysogorets, Artem and Kempe, Julia},
  year = {2021},
  month = jul,
  journal = {arXiv:2107.02306 [cs]},
  eprint = {2107.02306},
  eprinttype = {arxiv},
  primaryclass = {cs},
  archiveprefix = {arXiv},
  keywords = {Pruning}
}

@inproceedings{wanEnhancingGeneralizationAbility2001,
  title = {Enhancing the Generalization Ability of Neural Networks by Using {{Gram-Schmidt}} Orthogonalization Algorithm},
  booktitle = {{{IJCNN}}'01. {{International Joint Conference}} on {{Neural Networks}}. {{Proceedings}} ({{Cat}}. {{No}}.{{01CH37222}})},
  author = {Wan, W. and Hirasawa, K. and Hu, J. and Murata, J.},
  year = {2001},
  month = jul,
  volume = {3},
  pages = {1721-1726 vol.3},
  issn = {1098-7576},
  doi = {10.1109/IJCNN.2001.938421},
  keywords = {alternatives to SGD,performance gain without computation}
}

@article{wangDynamicalIsometryMissing2021,
  title = {Dynamical {{Isometry}}: {{The Missing Ingredient}} for {{Neural Network Pruning}}},
  shorttitle = {Dynamical {{Isometry}}},
  author = {Wang, Huan and Qin, Can and Bai, Yue and Fu, Yun},
  year = {2021},
  month = may,
  journal = {arXiv:2105.05916 [cs]},
  eprint = {2105.05916},
  eprinttype = {arxiv},
  primaryclass = {cs},
  archiveprefix = {arXiv},
  keywords = {Dynamical Isomerty,Pruning}
}

@inproceedings{wangEigenDamageStructuredPruning2019,
  title = {{{EigenDamage}}: {{Structured Pruning}} in the {{Kronecker-Factored Eigenbasis}}},
  shorttitle = {{{EigenDamage}}},
  booktitle = {Proceedings of the 36th {{International Conference}} on {{Machine Learning}}},
  author = {Wang, Chaoqi and Grosse, Roger and Fidler, Sanja and Zhang, Guodong},
  year = {2019},
  month = may,
  pages = {6566--6575},
  publisher = {{PMLR}},
  issn = {2640-3498},
  langid = {english},
  keywords = {Hessian,Pruning}
}

@inproceedings{wangNeuralPruningGrowing2022,
  title = {Neural {{Pruning}} via {{Growing Regularization}}},
  booktitle = {International {{Conference}} on {{Learning Representations}}},
  author = {Wang, Huan and Qin, Can and Zhang, Yulun and Fu, Yun},
  year = {2022},
  month = feb,
  langid = {english},
  keywords = {Pruning}
}

@article{wangPickingWinningTickets2020,
  title = {Picking {{Winning Tickets Before Training}} by {{Preserving Gradient Flow}}},
  author = {Wang, Chaoqi and Zhang, Guodong and Grosse, Roger},
  year = {2020},
  month = aug,
  journal = {arXiv:2002.07376 [cs, stat]},
  eprint = {2002.07376},
  eprinttype = {arxiv},
  primaryclass = {cs, stat},
  archiveprefix = {arXiv},
  keywords = {Pruning}
}

@inproceedings{wangRecentAdvancesNeural2022,
  title = {Recent {{Advances}} on {{Neural Network Pruning}} at {{Initialization}}},
  booktitle = {Thirty-{{First International Joint Conference}} on {{Artificial Intelligence}}},
  author = {Wang, Huan and Qin, Can and Bai, Yue and Zhang, Yulun and Fu, Yun},
  year = {2022},
  month = jul,
  volume = {6},
  pages = {5638--5645},
  issn = {1045-0823},
  doi = {10.24963/ijcai.2022/786},
  langid = {english},
  keywords = {Pruning}
}

@inproceedings{wortsmanDiscoveringNeuralWirings2019,
  title = {Discovering {{Neural Wirings}}},
  booktitle = {Advances in {{Neural Information Processing Systems}}},
  author = {Wortsman, Mitchell and Farhadi, Ali and Rastegari, Mohammad},
  year = {2019},
  volume = {32},
  publisher = {{Curran Associates, Inc.}},
  keywords = {dynamical sparse training,NAS,neural architecture search}
}

@inproceedings{xiaoParallelLearningEvolutionary2006,
  title = {Parallel {{Learning Evolutionary Algorithm Based}} on {{Neural Network Ensemble}}},
  booktitle = {2006 {{IEEE International Conference}} on {{Information Acquisition}}},
  author = {Xiao, Sha and Yu, Dong and Li, Yibin},
  year = {2006},
  month = aug,
  pages = {70--74},
  doi = {10.1109/ICIA.2006.305824}
}

@article{xieUnsupervisedDataAugmentation2020,
  title = {Unsupervised {{Data Augmentation}} for {{Consistency Training}}},
  author = {Xie, Qizhe and Dai, Zihang and Hovy, Eduard and Luong, Minh-Thang and Le, Quoc V.},
  year = {2020},
  month = nov,
  journal = {arXiv:1904.12848 [cs, stat]},
  eprint = {1904.12848},
  eprinttype = {arxiv},
  primaryclass = {cs, stat},
  archiveprefix = {arXiv},
  keywords = {Data Augmentation,Unsupervised learning}
}

@inproceedings{xinNeuroLKHCombiningDeep2021a,
  title = {{{NeuroLKH}}: {{Combining Deep Learning Model}} with {{Lin-Kernighan-Helsgaun Heuristic}} for {{Solving}} the {{Traveling Salesman Problem}}},
  shorttitle = {{{NeuroLKH}}},
  booktitle = {Advances in {{Neural Information Processing Systems}}},
  author = {Xin, Liang and Song, Wen and Cao, Zhiguang and Zhang, Jie},
  year = {2021},
  volume = {34},
  pages = {7472--7483},
  publisher = {{Curran Associates, Inc.}}
}

@article{xuNewtontypeMethodsNonconvex2020,
  title = {Newton-Type Methods for Non-Convex Optimization under Inexact {{Hessian}} Information},
  author = {Xu, Peng and Roosta, Fred and Mahoney, Michael W.},
  year = {2020},
  month = nov,
  journal = {Mathematical Programming},
  volume = {184},
  number = {1-2},
  pages = {35--70},
  issn = {0025-5610, 1436-4646},
  doi = {10.1007/s10107-019-01405-z},
  langid = {english},
  keywords = {second order}
}

@inproceedings{xuOptimizedComputationCombining2021,
  title = {Optimized {{Computation Combining Classification}} and {{Detection Networks}} with {{Distillation}}},
  booktitle = {Proceedings of the {{International Joint Conference}} on {{Neural Networks}}},
  author = {Xu, M. and Gu, Y. and Poslad, S. and Xue, S.},
  year = {2021},
  volume = {2021-July},
  doi = {10.1109/IJCNN52387.2021.9534331},
  isbn = {978-0-7381-3366-9},
  langid = {english},
  keywords = {knowledge distilation,Pruning,Sobolev training}
}

@inproceedings{xuSecondorderOptimizationNonconvex2020,
  title = {Second-Order Optimization for Non-Convex Machine Learning: {{An}} Empirical Study},
  booktitle = {Proceedings of the 2020 {{SIAM International Conference}} on {{Data Mining}}, {{SDM}} 2020},
  author = {Xu, Peng and Roosta, Fred and Mahoney, Michael W.},
  year = {2020},
  doi = {10.1137/1.9781611976236.23},
  isbn = {978-1-61197-623-6}
}

@misc{yangDepthEstimationSimplified2022,
  title = {Depth {{Estimation}} with {{Simplified Transformer}}},
  author = {Yang, John and An, Le and Dixit, Anurag and Koo, Jinkyu and Park, Su Inn},
  year = {2022},
  month = may,
  number = {arXiv:2204.13791},
  eprint = {2204.13791},
  eprinttype = {arxiv},
  primaryclass = {cs},
  publisher = {{arXiv}},
  doi = {10.48550/arXiv.2204.13791},
  archiveprefix = {arXiv},
  keywords = {latency-critical applications,Transformers,Visual Transformers}
}

@article{yaoEvolvingArtificialNeural1999,
  title = {Evolving Artificial Neural Networks},
  author = {Yao, Xin},
  year = {1999},
  month = sep,
  journal = {Proceedings of the IEEE},
  volume = {87},
  number = {9},
  pages = {1423--1447},
  issn = {1558-2256},
  doi = {10.1109/5.784219}
}

@inproceedings{yaoPyHessianNeuralNetworks2020,
  title = {{{PyHessian}}: {{Neural Networks Through}} the {{Lens}} of the {{Hessian}}},
  shorttitle = {{{PyHessian}}},
  booktitle = {2020 {{IEEE International Conference}} on {{Big Data}} ({{Big Data}})},
  author = {Yao, Zhewei and Gholami, Amir and Keutzer, Kurt and Mahoney, Michael W.},
  year = {2020},
  month = dec,
  pages = {581--590},
  doi = {10.1109/BigData50022.2020.9378171},
  keywords = {framework,to read}
}

@misc{yinSuperposingManyTickets2022,
  title = {Superposing {{Many Tickets}} into {{One}}: {{A Performance Booster}} for {{Sparse Neural Network Training}}},
  shorttitle = {Superposing {{Many Tickets}} into {{One}}},
  author = {Yin, Lu and Menkovski, Vlado and Fang, Meng and Huang, Tianjin and Pei, Yulong and Pechenizkiy, Mykola and Mocanu, Decebal Constantin and Liu, Shiwei},
  year = {2022},
  month = may,
  number = {arXiv:2205.15322},
  eprint = {2205.15322},
  eprinttype = {arxiv},
  primaryclass = {cs},
  institution = {{arXiv}},
  doi = {10.48550/arXiv.2205.15322},
  archiveprefix = {arXiv},
  keywords = {dynamical sparse training,Pruning}
}

@inproceedings{yoonLifelongLearningDynamically2018b,
  title = {Lifelong {{Learning}} with {{Dynamically Expandable Networks}}},
  booktitle = {International {{Conference}} on {{Learning Representations}}},
  author = {Yoon, Jaehong and Yang, Eunho and Lee, Jeongtae and Hwang, Sung Ju},
  year = {2018},
  month = feb,
  langid = {english}
}

@inproceedings{yosinskiHowTransferableAre2014,
  title = {How Transferable Are Features in Deep Neural Networks?},
  booktitle = {Advances in {{Neural Information Processing Systems}}},
  author = {Yosinski, Jason and Clune, Jeff and Bengio, Yoshua and Lipson, Hod},
  year = {2014},
  volume = {27},
  publisher = {{Curran Associates, Inc.}},
  keywords = {layer importance,layer role}
}

@inproceedings{yuHessianAwarePruningOptimal2022,
  title = {Hessian-{{Aware Pruning}} and {{Optimal Neural Implant}}},
  booktitle = {2022 {{IEEE}}/{{CVF Winter Conference}} on {{Applications}} of {{Computer Vision}} ({{WACV}})},
  author = {Yu, Shixing and Yao, Zhewei and Gholami, Amir and Dong, Zhen and Kim, Sehoon and Mahoney, Michael W. and Keutzer, Kurt},
  year = {2022},
  month = jan,
  pages = {3665--3676},
  issn = {2642-9381},
  doi = {10.1109/WACV51458.2022.00372},
  keywords = {Hessian,Pruning}
}

@article{yuMetaFormerActuallyWhat2021,
  title = {{{MetaFormer}} Is {{Actually What You Need}} for {{Vision}}},
  author = {Yu, Weihao and Luo, Mi and Zhou, Pan and Si, Chenyang and Zhou, Yichen and Wang, Xinchao and Feng, Jiashi and Yan, Shuicheng},
  year = {2021},
  month = nov,
  journal = {arXiv:2111.11418 [cs]},
  eprint = {2111.11418},
  eprinttype = {arxiv},
  primaryclass = {cs},
  archiveprefix = {arXiv}
}

@inproceedings{yung-chinEvolutionaryNeuralNetworks2010,
  title = {Evolutionary {{Neural Networks}} for {{Time Series Prediction}}},
  booktitle = {2010 {{Fourth International Conference}} on {{Genetic}} and {{Evolutionary Computing}}},
  author = {{Yung-Chin} and {Yung-Chien} and Su, Kuo-Lan},
  year = {2010},
  month = dec,
  pages = {219--223},
  doi = {10.1109/ICGEC.2010.61},
  keywords = {Applications}
}

@article{zagoruykoWideResidualNetworks2017,
  title = {Wide {{Residual Networks}}},
  author = {Zagoruyko, Sergey and Komodakis, Nikos},
  year = {2017},
  month = jun,
  journal = {arXiv:1605.07146 [cs]},
  eprint = {1605.07146},
  eprinttype = {arxiv},
  primaryclass = {cs},
  archiveprefix = {arXiv},
  keywords = {examples}
}

@article{zeilerADADELTAAdaptiveLearning2012,
  title = {{{ADADELTA}}: {{An Adaptive Learning Rate Method}}},
  shorttitle = {{{ADADELTA}}},
  author = {Zeiler, Matthew D.},
  year = {2012},
  month = dec,
  journal = {arXiv:1212.5701 [cs]},
  eprint = {1212.5701},
  eprinttype = {arxiv},
  primaryclass = {cs},
  archiveprefix = {arXiv},
  keywords = {Optimizers}
}

@article{zhaiScalingVisionTransformers2021,
  title = {Scaling {{Vision Transformers}}},
  author = {Zhai, Xiaohua and Kolesnikov, Alexander and Houlsby, Neil and Beyer, Lucas},
  year = {2021},
  month = jun,
  journal = {arXiv:2106.04560 [cs]},
  eprint = {2106.04560},
  eprinttype = {arxiv},
  primaryclass = {cs},
  archiveprefix = {arXiv}
}

@inproceedings{zhangCanSubnetworkStructure2021,
  title = {Can {{Subnetwork Structure Be}} the {{Key}} to {{Out-of-Distribution Generalization}}?},
  booktitle = {Proceedings of the 38th {{International Conference}} on {{Machine Learning}}},
  author = {Zhang, Dinghuai and Ahuja, Kartik and Xu, Yilun and Wang, Yisen and Courville, Aaron},
  year = {2021},
  month = jul,
  pages = {12356--12367},
  publisher = {{PMLR}},
  issn = {2640-3498},
  langid = {english},
  keywords = {functional LTH,subnetwork structure}
}

@inproceedings{zhangGraphHyperNetworksNeural2018,
  title = {Graph {{HyperNetworks}} for {{Neural Architecture Search}}},
  booktitle = {International {{Conference}} on {{Learning Representations}}},
  author = {Zhang, Chris and Ren, Mengye and Urtasun, Raquel},
  year = {2018},
  month = sep,
  langid = {english},
  keywords = {small networks}
}

@article{zhangOneShotPruningRecurrent2020,
  title = {One-{{Shot Pruning}} of {{Recurrent Neural Networks}} by {{Jacobian Spectrum Evaluation}}},
  author = {Zhang, Matthew Shunshi and Stadie, Bradly C.},
  year = {2020},
  journal = {ICLR},
  keywords = {Jacobian regularisation,Jacobian spectrum evaluation,Pruning}
}

@article{zhangUnderstandingDeepLearning2017,
  title = {Understanding Deep Learning Requires Rethinking Generalization},
  author = {Zhang, Chiyuan and Bengio, Samy and Hardt, Moritz and Recht, Benjamin and Vinyals, Oriol},
  year = {2017},
  month = feb,
  journal = {arXiv:1611.03530 [cs]},
  eprint = {1611.03530},
  eprinttype = {arxiv},
  primaryclass = {cs},
  archiveprefix = {arXiv},
  keywords = {generalization}
}

@inproceedings{zhouDeconstructingLotteryTickets2019,
  title = {Deconstructing {{Lottery Tickets}}: {{Zeros}}, {{Signs}}, and the {{Supermask}}},
  shorttitle = {Deconstructing {{Lottery Tickets}}},
  booktitle = {Advances in {{Neural Information Processing Systems}}},
  author = {Zhou, Hattie and Lan, Janice and Liu, Rosanne and Yosinski, Jason},
  year = {2019},
  volume = {32},
  publisher = {{Curran Associates, Inc.}},
  keywords = {mask training,Overparametrization,small networks,subnetwork structure}
}

@inproceedings{zhouSGDConvergesGlobal2018,
  title = {{{SGD Converges}} to {{Global Minimum}} in {{Deep Learning}} via {{Star-convex Path}}},
  booktitle = {International {{Conference}} on {{Learning Representations}}},
  author = {Zhou, Yi and Yang, Junjie and Zhang, Huishuai and Liang, Yingbin and Tarokh, Vahid},
  year = {2018},
  month = sep,
  langid = {english},
  keywords = {Why no global second order}
}

@article{zhuVisualTransformerPruning2021,
  title = {Visual {{Transformer Pruning}}},
  author = {Zhu, Mingjian and Han, Kai and Tang, Yehui and Wang, Yunhe},
  year = {2021},
  month = jul,
  journal = {arXiv:2104.08500 [cs]},
  eprint = {2104.08500},
  eprinttype = {arxiv},
  primaryclass = {cs},
  archiveprefix = {arXiv},
  keywords = {small networks}
}

@article{ziyinSGDMayNever2021,
  title = {{{SGD May Never Escape Saddle Points}}},
  author = {Ziyin, Liu and Li, Botao and Simon, James B. and Ueda, Masahito},
  year = {2021},
  month = sep,
  journal = {arXiv:2107.11774 [cs, math, stat]},
  eprint = {2107.11774},
  eprinttype = {arxiv},
  primaryclass = {cs, math, stat},
  archiveprefix = {arXiv},
  keywords = {to read}
}

@article{zouDatadrivenEffectiveModel2021,
  title = {Data-Driven Effective Model Shows a Liquid-like Deep Learning},
  author = {Zou, Wenxuan and Huang, Haiping},
  year = {2021},
  month = sep,
  journal = {Physical Review Research},
  volume = {3},
  number = {3},
  pages = {033290},
  publisher = {{American Physical Society}},
  doi = {10.1103/PhysRevResearch.3.033290},
  keywords = {to read,Weight space}
}
